3092 5200
453 380 532 441 ua.
546 376 663 442 xxm.
687 378 771 442 CAP.
783 379 897 441 XXXI.
1148 388 1204 449 178

163 517 323 601 tummodo
337 535 468 617 regionis
490 535 567 618 ejus,
591 536 677 613 etin
695 535 757 598 fide
780 554 854 618 erga
867 534 1034 613 Romanos,
1056 547 1089 597 et
1101 548 1204 619 potes·
1218 523 1293 639 ug·
1301 524 1361 639 21131·

164 624 237 686 tatis
261 644 320 685 sua
340 624 382 685 ad
403 624 546 687 ultimum
569 634 757 685 manserunt.
802 621 838 687 ln
861 618 996 686 Siciliam
1018 642 1137 705 quoque
1152 644 1204 686 ea·
1217 592 1250 643 ‘³'
1283 626 1289 641 '
1334 592 1357 641 ⁶¹

163 710 233 772 dem
263 709 421 772 inclinatio
446 710 616 771 animorum
642 710 800 792 pervenit:
831 719 863 771 et
885 730 925 771 ne
951 709 1059 771 domus
1081 710 1203 790 quidem

162 794 307 859 Hieronis
330 807 398 859 tota
418 796 458 857 ab
482 796 654 860 defectione
680 796 835 859 abstinuit.
859 815 991 877 namque
1006 793 1082 857 Gelo
1105 796 1204 857 maxi·
1217 807 1278 857 Gelo
1288 808 1348 858 attus
1374 858 1376 865 ,

162 903 229 944 mus
257 881 370 966 stirpis,
398 892 556 945 contemta
583 882 672 945 simul
700 893 858 944 senectute
886 883 991 965 patris,
1019 881 1107 943 simul
1134 895 1204 964 post
1216 874 1331 988 yffi}

163 966 355 1031 Cannensem
380 968 499 1032 cladem
523 967 665 1031 Romana
689 968 848 1047 societate,
875 968 915 1030 ad
937 967 1046 1031 Poenos
1072 966 1202 1031 defecitz
1219 950 1308 1053 92,ss

162 1056 365 1139 movissetque
388 1056 420 1116 in
445 1053 550 1118 Sicilia
581 1076 639 1134 res,
665 1055 724 1117 nisi
747 1076 829 1118 mors
853 1054 931 1117 adeo
958 1065 1141 1137 opportuna,
1169 1066 1205 1117 ut

163 1153 282 1225 patrem
297 1162 417 1225 quoque
430 1143 602 1225 suspicione
623 1142 829 1225 adspergere,
848 1154 1018 1204 armantem
1040 1161 1110 1204 eum
1125 1141 1204 1203 mul·
1217 1156 1337 1207 Moritur..

100 1238 104 1254 '
161 1228 337 1307 haedinam,
365 1229 643 1310 sollicitantemque
676 1227 776 1291 socios
811 1228 1017 1292 absurnsisset.
1061 1226 1137 1291 Haee
1167 1248 1204 1289 eo

162 1334 243 1377 anuo
258 1316 291 1377 in
307 1314 407 1393 ltalia,
429 1315 461 1377 in
475 1314 590 1393 Africa,
613 1316 647 1377 in
666 1312 782 1392 Sicilia,
802 1315 834 1376 in
849 1313 1001 1397 Hispania
1013 1315 1098 1377 vario
1113 1335 1203 1380 even·

162 1414 197 1464 tu
222 1412 303 1478 acta.
344 1400 439 1465 Exitu
464 1401 537 1463 anni
561 1400 602 1472 Q.
618 1400 729 1465 Fabius
743 1399 901 1464 Maximus
924 1423 943 1463 a
966 1412 1074 1464 senatu
1100 1412 1204 1483 postu·

161 1486 248 1566 lavit,
272 1499 308 1550 ut
335 1488 431 1550 adem
461 1486 589 1549 Veneris
608 1486 755 1571 Erycinae,
782 1508 874 1569 quam
905 1488 1036 1550 dictator
1064 1488 1206 1565 voviaet,

164 1574 309 1637 dedicare
324 1575 439 1637 liceret.
483 1571 613 1637 Senatus
636 1574 779 1652 decrevit,
805 1586 841 1636 ut
853 1572 904 1636 Ti.
920 1572 1116 1656 Sempronius
1131 1594 1206 1635 con·

163 1659 211 1722 sul
227 1661 411 1741 designabis,
433 1664 462 1701 ⁴⁸
472 1679 564 1741 quum
586 1658 743 1742 primurnl
763 1660 933 1721 honorem‘
955 1661 1070 1740 inisset,
1096 1660 1136 1721 ad
1149 1682 1206 1743 po-

163 1746 269 1829 pulum
284 1746 386 1824 ferret,
410 1758 445 1810 ut
469 1746 509 1818 Q.
524 1745 651 1808 Fabium
673 1746 863 1807 duumvimm
885 1768 950 1808 esee
970 1745 1114 1827 juberent
1135 1746 1207 1809 adis

164 1832 341 1895 dedicandae
366 1853 483 1896 caussa.
526 1830 568 1895 Et
588 1836 614 1872 ⁴⁸
627 1828 674 1894 M.
685 1828 816 1894 AEmilio
830 1830 958 1916 Lepido,
985 1832 1034 1913 qui
1062 1832 1108 1894 bis
1133 1852 1206 1893 eon-
1219 1845 1356 1901 Mariti

133 1927 139 1933 '
165 1918 213 1981 sul
242 1940 397 2001 augrtrque
426 1920 535 1997 fuerat,
570 1918 625 1981 filii
649 1930 722 1997 tres,
749 1915 871 1996 Lucius,
900 1916 1036 1995 Marcus,
1066 1916 1207 1996 Quintus,
1219 1912 1346 2027 111111111-

163 2010 191 2051 ⁴⁷
205 2006 294 2067 ludos
313 2006 455 2069 hrnebrcs
477 2026 532 2089 per
553 2006 697 2084 triduum,
723 2016 756 2066 et
775 2005 978 2087 gladiatorum
1000 2004 1086 2088 paria
1101 2004 1162 2066 duo
1176 2016 1210 2066 et
1235 1993 1279 2027 η*

163 2092 273 2174 viginti
303 2092 514 2175 pertriduum
540 2092 573 2153 in
595 2091 849 2154 foro'dederunt.
892 2088 1011 2153 AEdiles
1034 2091 1150 2153 curules
1172 2090 1209 2154 C.

164 2176 323 2258 laetorius,
355 2192 388 2242 et
410 2178 461 2241 Ti.
477 2176 674 2261 Sempronius
697 2176 864 2256 Gracchus,
888 2177 995 2239 consul
1023 2177 1209 2259 designatus,

165 2266 217 2349 qui
247 2267 280 2328 in
308 2265 452 2328 aedilitate
477 2266 621 2347 magister
644 2264 780 2347 equitum
804 2264 912 2343 fuerat,
941 2263 1028 2325 ludos
1052 2262 1209 2327 Romanos

164 2352 313 2430 lecerunt,
347 2352 399 2433 qui
428 2373 483 2435 per
512 2351 647 2414 triduum
677 2350 837 2413 instaurati
866 2361 947 2412 sunt.
1002 2348 1115 2412 Plebeii
1145 2350 1208 2411 ludi

165 2438 297 2501 aedilium
313 2437 360 2501 Μ.
370 2438 485 2504 Aurelii
500 2436 600 2501 Cotta
622 2449 654 2500 et
668 2435 716 2499 M.
728 2435 848 2499 Claudii
860 2434 1001 2499 Marcelli
1024 2447 1070 2498 ter
1091 2436 1208 2499 instau-

165 2526 236 2588 rati.
279 2523 472 2589 Circumacto
495 2526 590 2588 tertio
610 2544 692 2586 anno
716 2522 821 2590 Ptrnici
845 2524 928 2604 belli,
945 2517 1001 2589 ,tt
1012 2520 1208 2607 Sempronius
1222 2538 1255 2587 u.
1266 2539 1295 2587 e.
1307 2540 1364 2591 537.

164 2613 271 2675 consul
301 2611 405 2676 ldibua
433 2611 555 2675 Martiis
585 2611 798 2694 magistratum
828 2611 907 2673 iniit.
958 2609 1102 2673 Praetores
1132 2612 1158 2649 ⁴⁸
1169 2609 1208 2680 Q.
1220 2606 1252 2718 ,ᾗ
1261 2604 1290 2716 ξ
1302 2606 1359 2656 ²¹⁵·

164 2698 287 2762 Fuluius
302 2698 439 2778 Maccus,
465 2700 516 2780 qui
542 2711 635 2761 antea
657 2698 763 2760 consul
779 2698 963 2778 ‘censorque
985 2697 1093 2775 hietat,
1118 2697 1208 2759 urba·
1243 2701 1251 2718 ⁶
1279 2685 1316 2718 ‘¹⁰

164 2807 239 2848 nam
250 2809 261 2864 ;
288 2785 336 2849 M.
348 2785 486 2848 Valerius
501 2783 638 2847 lsaevinm
659 2786 850 2869 peregrinam
876 2797 991 2846 sortem
1014 2784 1047 2846 in
1066 2783 1209 2866 jurisdic-

166 2873 253 2937 tione
275 2873 393 2936 habuit.
444 2872 504 2955 Ap:
527 2871 675 2933 Claudius
699 2869 830 2933 Pulcher
855 2867 1002 2948 Siciliam,
1035 2870 1074 2941 Q.
1088 2868 1210 2932 Mucius

166 2956 304 3022 Scaeuola
329 2957 503 3022 Sardiniam
527 2959 625 3020 sortiti
645 2971 726 3020 suut.
770 2955 818 3019 M.
833 2954 982 3018 Marcello
1005 2977 1060 3039 pro
1087 2956 1210 3018 consule

165 3041 872 3212 betlehemitanum
883 3042 1210 3212 lhlssliimoeillhm

167 3218 268 3279 sisset.

212 3301 333 3366 XXXI.
355 3300 496 3380 Senatus,
519 3322 579 3383 quo
604 3301 655 3365 die
680 3301 811 3385 primurn
836 3311 882 3364 est
905 3301 937 3362 in
960 3299 1114 3384 Capitolio
1136 3295 1367 3374 ποιά-1111111111·

167 3391 276 3469 11111111,
292 3390 437 3467 1111111111»
451 3391 478 3430 ⁴⁹
490 3400 535 3468 ¹¹1,
558 3399 644 3471 quot
658 3409 697 3452 eo
721 3409 804 3452 auno
825 3387 939 3472 duplex
953 3388 1100 3450 tributum
1114 3386 1211 3469 impe·
1224 3365 1360 3494 fflff‘

1221 2735 1301 2800 prooio
1311 2693 1365 2782 Soa.

199 3515 535 3581 «maiomam.
599 3551 610 3573 .
686 3512 1082 3580 ‘ammtmagtemmuroa
1157 3507 1213 3574 ‘sui

166 3583 419 3647 amttaautltup.
485 3581 685 3646 Spwde·Crtv·

199 3688 223 3724 11
239 3687 426 3742 omma·
440 3685 525 3750 atae]
545 3688 612 3737 Solus
621 3686 677 3737 Vic-
739 3687 762 3724 ⁴⁷
779 3685 855 3736 hedos
872 3686 980 3750 Jirnabret
998 3701 1039 3748 per
1059 3687 1168 3748 uideram,
1193 3695 1215 3734 et

166 3755 257 3804 toriour
278 3755 351 3803 codex
372 3753 409 3802 bie
426 3752 484 3802 tum
500 3764 545 3802 eet.
585 3753 678 3817 Reliqui
705 3752 1108 3816 glodiatmmpmiadrwetuiginti
1119 3767 1160 3812 per
1174 3753 1215 3798 tri·

167 3820 279 3884 corrupti,
296 3822 327 3868 ite
344 3831 423 3868 tamea
438 3828 466 3866 ut
483 3819 512 3866 ad
528 3833 608 3868 verum
618 3819 677 3867 ello.
708 3815 790 3878 daim]
812 3816 963 3865 Manifestum
975 3825 1010 3863 eet
1022 3816 1077 3863 duas
1091 3827 1216 3878 pourenm

168 3886 239 3933 dant:
261 3899 312 3932 cum
328 3885 400 3942 ibono,
413 3884 450 3933 tel
467 3899 518 3932 caat
534 3885 588 3932 bono
598 3887 678 3933 iniria.
708 3896 776 3935 rores
791 3897 832 3942 per
843 3883 943 3930 mam
959 3880 1019 3928 tarle
1036 3881 1082 3928 huc
1095 3879 1216 3929 inculcatae

167 3949 275 4011 Vulgata
289 3950 396 3998 lectionis
412 3960 492 3998 erector
507 3949 614 4010 attigerat
622 3963 677 3997 seu·
708 3961 759 3996 exte
770 3961 798 3994 ex
809 3961 875 3994 tenu
886 3946 1038 4010 precedente.

167 4030 245 4084 eum..
271 4015 462 4064 feceratenim:
489 4030 557 4077 puer
580 4017 678 4078 prim
704 4027 708 4031 ·
738 4011 762 4045 11
779 4009 808 4064 Q.
817 4009 918 4071 bavius,
928 4007 1135 4072 quimateocomul]
1155 4007 1216 4069 Lege

167 4083 323 4140 meginratus·
332 4080 413 4128 inient.
708 4091 762 4126 tum
773 4075 894 4124 Perizonio
905 4093 911 4122 ε
927 4073 1073 4136 paterculi.
1084 4073 1105 4122 id
1117 4085 1160 4128 est,
1169 4073 1214 4132 bie,

201 4143 225 4180 11
242 4144 277 4195 Μ.
293 4143 385 4193 AEmilio
400 4142 494 4206 tapeto.
515 4145 554 4206 qui
574 4144 606 4190 bis
625 4158 674 4190 απι-
707 4139 933 4202 coaml....sroerot:
948 4137 1217 4202 planeutdeeorursua

168 4211 205 4257 sul
221 4207 316 4276 suerat]
344 4209 416 4257 liunt
438 4209 552 4272 lepidum
573 4209 678 4258 obsernt
708 4221 778 4267 agens
787 4204 856 4252 habet
864 4205 950 4260 Livius,
959 4203 1016 4250 infra
1028 4215 1090 4251 xxv.
1102 4207 1126 4252 t.
1152 4202 1215 4250 Con·

169 4273 276 4334 Sigmiue
295 4273 368 4322 rcmcl
383 4285 474 4322 tantum
494 4275 517 4322 in
530 4273 603 4322 Fastis
621 4289 677 4323 coo-
708 4271 744 4319 sul
754 4271 854 4335 primum
870 4271 945 4318 luem
961 4282 1020 4316 inno
1037 4283 1091 4316 uc.
1103 4269 1158 4318 ⁵15.
1177 4283 1215 4316 te-

170 4339 246 4388 rulem
261 4341 364 4404 reperiri,
386 4355 447 4388 anao
465 4351 519 4388 ante
538 4338 600 4387 hunc
615 4340 678 4388 deti.
710 4339 821 4396 cundum,
833 4350 893 4382 antio
903 4336 958 4382 528.

171 4545 217 4583 Μ·
433 4486 447 4534 ⁸
527 4504 536 4532 l
710 4531 755 4580 Sed
775 4530 829 4580 illud
847 4547 889 4594 prro
904 4527 980 4579 turbat
998 4527 1077 4590 magis,
1095 4543 1163 4591 qrinm
1178 4527 1218 4590 Ju-
