3092 5200
434 363 642 428 umxxnt
662 365 745 427 CAP.
756 363 887 426 XXXV.
1123 362 1182 434 587

138 525 237 592 millia
251 545 395 608 passuum
408 523 540 588 victores
554 519 663 601 secuti,
685 521 725 584 ad
750 517 812 584 duo
827 531 974 604 praterea
986 519 1085 584 millia
1097 519 1183 603 equi-
1195 523 1267 576 tto.
1276 523 1336 579 tta.

140 627 208 678 tum
232 624 284 676 aut
308 623 465 696 ceperunt,
488 621 543 672 aut
559 609 747 671 occiderunt.
762 609 843 670 iuter
857 628 910 669 eos
924 607 998 670 satis
1012 609 1185 687 constabat,
1196 591 1335 647 ΝΜ·

141 721 207 764 nou
235 699 336 762 minus
362 697 509 760 ducentos
539 694 842 776 Karthaginiensium
871 693 990 774 equites
1016 694 1120 775 fuisse,
1152 703 1187 758 et

143 787 259 851 divitiis
274 785 422 868 quosdam
438 795 471 846 et
484 803 595 865 genere
609 781 762 844 inlustres.
885 821 893 830 -

186 871 319 936 XXXV.
340 869 457 934 Fodern
473 869 561 948 sorte,
586 889 647 950 quo
662 869 727 930 hac
741 877 831 950 gesta
844 876 925 945 sumt,
939 865 990 928 dic
1003 886 1104 946 naves,
1119 887 1187 948 quse

141 960 276 1044 predam
298 959 331 1021 in
349 956 486 1019 Siciliam
500 966 657 1032 vexerant,
671 975 742 1017 cum
757 964 930 1016 commeatu
944 953 1081 1033 rediere3
1103 955 1188 1018 uelut

142 1047 297 1124 ominata,
319 1047 346 1092 ⁷⁸
362 1042 402 1105 ad
431 1042 565 1126 praedam
590 1043 717 1104 alteram
744 1039 942 1124 repetendam
967 1061 1036 1102 sese
1059 1041 1188 1104 venisse.

142 1130 231 1196 Duos
245 1131 353 1194 eodem
367 1130 493 1192 nomine
508 1127 808 1210 Karthaginiensium
823 1127 916 1188 duces
939 1127 1057 1190 duobus
1080 1147 1188 1209 eques·

144 1219 240 1282 tribus
263 1217 377 1300 proeliis
401 1215 590 1293 interfectos,
614 1235 677 1276 non
699 1233 806 1276 omncs
825 1228 964 1275 auctores
977 1223 1069 1275 stmtz
1089 1214 1190 1293 veriti,

143 1304 248 1382 credo,
269 1304 296 1350 ⁷⁴
311 1323 351 1366 ne
366 1302 485 1364 falleret
497 1302 545 1363 bis
559 1301 656 1363 relata
668 1301 776 1364 eadem
790 1319 849 1362 res.
892 1298 1008 1363 Coelius
1022 1300 1144 1381 quodem
1158 1311 1192 1362 et

144 1389 285 1454 vuarim
309 1395 336 1438 ⁷⁵
349 1401 474 1470 captum
498 1388 592 1450 etiam
617 1385 802 1450 Hannonem
817 1385 954 1449 tradam.
995 1383 1100 1470 Scipio
1113 1409 1190 1472 pra-

145 1477 244 1540 lectos
266 1475 452 1558 equitesque,
475 1485 567 1556 prout
587 1472 732 1557 cujusque
756 1493 852 1556 opera
870 1472 981 1551 luerat,
995 1485 1070 1536 ante
1082 1493 1190 1536 omnies

145 1561 354 1640 Masinissam,
364 1560 531 1642 insignibus
546 1560 633 1624 donis
648 1561 751 1623 donat.
766 1571 809 1638 et,
823 1559 911 1622 lirroo
921 1560 1063 1642 prasidio
1078 1557 1190 1622 Salera
1208 1611 1214 1617 .

150 1649 296 1732 inposito,
309 1648 374 1730 ipse
389 1667 458 1709 cum
473 1659 574 1710 cetero
585 1649 722 1710 exercitu
734 1646 899 1729 profectus,
913 1667 975 1708 non
990 1647 1070 1729 agiis
1084 1647 1189 1726 modo,
1201 1665 1357 1731 &bimis

148 1754 340 1818 quacumque
350 1733 521 1811 incedebat,
532 1733 695 1817 populatis,
706 1733 763 1796 sed
772 1733 894 1794 urbibus
904 1733 999 1795 etiam
1011 1735 1189 1815 quibusdam
1200 1733 1261 1781 ¹⁸¹³*
1270 1734 1338 1809 Ant
1354 1794 1357 1802 .

149 1821 283 1903 vicisque
297 1820 488 1903 expugnatis,
503 1821 564 1883 late
578 1820 646 1882 suso
660 1831 776 1882 terrore
791 1819 873 1898 belli,
883 1819 1015 1902 septimo
1026 1820 1087 1898 die,
1099 1841 1190 1901 quam
1201 1813 1261 1847 Μ·

151 1905 307 1992 proiectus
322 1917 397 1984 erat,
411 1927 554 1988 magnam
577 1907 640 1970 vim
662 1907 821 1969 hominum
844 1917 877 1969 et
895 1906 1015 1988 pecoris
1036 1918 1069 1969 et
1091 1908 1191 1968 omnis

147 1994 269 2076 generis
294 1994 401 2077 praedae
429 1993 562 2073 trahens,
584 1994 617 2055 in
640 2006 742 2056 castra
765 1993 861 2070 redit3
892 2012 1055 2077 gravesque
1081 1994 1192 2055 iterum

148 2080 374 2142 ²⁶hostilibus⁸
398 2079 502 2162 spoliis
528 2099 620 2142 naves
646 2080 785 2142 dimittit.
827 2077 913 2158 Inde,
932 2079 1051 2142 omissis
1064 2078 1193 2162 expedi-

150 2167 285 2232 tionibus
299 2166 398 2249 parvis
413 2166 727 2249 populationibusque,
751 2167 791 2228 od
808 2165 1047 2248 obpugnandam
1068 2163 1193 2228 Uticam

149 2273 258 2316 omnes
273 2253 344 2315 belli
357 2252 433 2314 vires
447 2253 617 2315 convertit:
650 2273 718 2316 eam
738 2253 859 2332 ddnde,
879 2253 905 2315 si
928 2253 1069 2336 cepisset,
1087 2252 1194 2315 sedem

150 2339 194 2402 ad
208 2351 310 2402 cetera
323 2338 514 2423 essequettda
526 2338 692 2402 habiturus.
735 2337 834 2402 Simul
847 2351 880 2401 et
894 2359 915 2401 a
926 2339 1025 2400 classe
1036 2343 1062 2387 77
1072 2340 1194 2402 navales
1206 2361 1297 2411 utrm
1308 2357 1353 2410 ot.

152 2425 240 2504 socii,
255 2446 317 2509 qua
329 2445 368 2486 ex
381 2435 470 2508 parte
484 2426 555 2487 urbs
570 2427 646 2489 mari
662 2426 805 2504 adluiurr,
819 2425 909 2488 amul
929 2437 965 2488 et
975 2427 1127 2488 terrestris
1139 2447 1193 2488 ex·
1205 2438 1303 2495 mmo
1355 2433 1358 2438 '

151 2513 264 2574 ercitua
278 2512 317 2574 ab
331 2512 498 2574 inminente
512 2533 608 2596 prope
622 2513 696 2595 ipsis
710 2513 861 2576 moenibus
876 2512 996 2574 tumulo
1017 2525 1066 2575 est
1086 2513 1196 2576 admo

151 2608 213 2663 us.
264 2595 432 2663 Tormenta
457 2600 671 2684 machinasque
698 2613 731 2663 et
760 2600 925 2663 advexerat
952 2620 1067 2679 secum,
1094 2611 1130 2663 et
1148 2621 1195 2663 ex

151 2683 260 2749 Sicilia
272 2686 367 2749 missa
380 2706 449 2749 cum
464 2688 685 2749 commeatibus
699 2698 806 2750 arante
833 2698 866 2750 et
880 2707 961 2749 nova
974 2688 1008 2749 in
1022 2706 1197 2750 armamen-
1286 2682 1290 2691 ’

153 2772 246 2851 tario,
269 2772 373 2836 multis
393 2772 501 2835 talium
512 2792 641 2855 operum
665 2772 830 2836 artificibus
845 2774 885 2834 de
898 2772 1049 2836 industria
1062 2773 1196 2853 inclusis,

153 2858 280 2921 fiebant.
333 2856 528 2919 Uticensibus
557 2870 646 2920 tanta
669 2858 804 2941 undique
827 2859 909 2920 mole
934 2860 1138 2921 circumsessis
1163 2861 1196 2921 in

153 2942 402 3023 Karthaginiensi
437 2942 562 3025 populo,
594 2942 900 3027 Karthaginiensibus
936 2944 968 3006 iu
1004 2942 1199 3008 Hasdrubale
1281 2966 1287 2989 ¹

152 3032 181 3079 ⁷⁸
192 3030 247 3107 ita,
268 3029 294 3090 si
309 3028 335 3090 is
348 3030 493 3091 movisset
507 3026 690 3113 Syphacem,
712 3050 783 3113 spes
800 3031 901 3091 omnis
915 3042 993 3093 erat.
1007 3032 1062 3093 sed
1077 3031 1198 3094 deside·

154 3116 202 3179 rio
217 3114 420 3198 indigentium
438 3114 567 3177 auxilii*
590 3116 705 3177 tardius
727 3129 841 3180 cuncta
862 3118 1073 3180 movebantur.
1115 3116 1197 3181 Has-
1210 3126 1360 3177 limatur·
1443 3185 1448 3194 ,

155 3201 273 3282 drubal,
294 3201 496 3263 intentissima
521 3202 743 3283 conquisitione
769 3223 862 3285 quum
888 3202 927 3265 ad
952 3203 1079 3285 triginta
1101 3193 1355 3273 „finiafffittffl

155 3287 307 3371 peditum,
321 3287 380 3350 tria
393 3287 530 3371 equittun
545 3288 736 3367 confecisset,
751 3308 814 3351 non
829 3303 933 3352 temen
947 3300 1020 3353 aute
1035 3290 1198 3356 aduentum
1209 3272 1315 3390 w„
1324 3274 1365 3310 ω’

157 3372 308 3458 Syphacis
323 3386 424 3436 castra
437 3374 560 3458 propius
575 3375 694 3437 hostem
715 3396 837 3453 movere
859 3387 907 3439 est
930 3396 1031 3439 ausus.
1073 3374 1200 3461 Syphax
1253 3357 1265 3377 ⁰

155 3480 228 3527 eum
242 3460 462 3547 quinquaginta
476 3461 608 3561 millibus
623 3461 772 3545 peditum,
787 3463 893 3526 decem
908 3463 1044 3545 equium
1055 3464 1198 3531 advehite

171 3616 174 3621 ·
284 3608 405 3697 thpctiun
416 3608 487 3662 Cret.
802 3636 806 3643 ·
876 3608 989 3661 *utilio
999 3611 1074 3663 (ἴτω.

157 3721 284 3779 mbomm
310 3722 407 3773 alicnus
437 3724 563 3774 codicums
595 3740 663 3789 qum
695 3726 867 3791 quidqusmcst
934 3760 942 3775 .

158 3790 252 3853 quidem
262 3786 434 3838 mtefereodam
445 3791 533 3854 potant
543 3790 592 3839 ise.
602 3790 664 3839 Gro-
726 3790 749 3828 77
761 3742 963 3855 arsenoitas
973 3790 1090 3843 bisonem
1099 3810 1149 3847 rem
1159 3810 1204 3861 pes·

158 3854 666 3981 matut,
694 3857 1130 3990 mmmm]

158 3982 227 4033 laude
237 3983 303 4047 digna
313 3984 402 4032 videtur
412 3984 450 4035 uu
468 3986 493 4034 ln
508 3989 665 4050 persequendo
694 3986 854 4049 interfectum,
862 4000 891 4036 ιιι
901 4001 968 4051 supa
977 4001 1130 4039 namneum
1141 4005 1185 4042 est.

158 4051 300 4107 commeta,
317 4051 337 4098 ri
354 4064 427 4114 eques
446 4050 520 4099 vietor
539 4052 665 4113 fugientem
727 4048 751 4089 77
767 4050 869 4100 aaran
878 4051 962 4114 ιρυίὶἑι]
979 4051 1069 4103 Onnes
1079 4058 1151 4105 nutri
1161 4074 1203 4106 co·

159 4114 252 4163 hunam
268 4129 309 4176 po·
323 4116 368 4163 trio
386 4116 465 4173 cridia,
481 4117 528 4165 hoe
543 4128 578 4164 est
598 4116 666 4165 nolus
695 4116 767 4174 dices,
783 4128 811 4165 ut
824 4130 849 4166 et
861 4120 930 4166 door
941 4117 1058 4167 Gtuuovic
1068 4124 1201 4187 memorati,

158 4179 497 4244 huc-spatiumimequatur.
529 4182 562 4230 At
573 4184 667 4245 triginta
697 4182 808 4231 hostilibus
817 4186 899 4243 meliis.

160 4245 233 4292 mittio
242 4258 319 4293 conae
329 4245 421 4293 aditum
433 4258 457 4295 et
470 4246 602 4295 credibilem
610 4260 665 4314 pen·
727 4246 750 4285 77
761 4244 926 4312 Nantuatis]
936 4246 1030 4298 uniet
1040 4250 1132 4301 milites.
1141 4250 1202 4305 vu.

157 4309 272 4373 'mendi
280 4309 375 4359 molum
384 4312 520 4361 mdccc?
695 4320 746 4361 cot.
758 4312 798 4363 52.
811 4312 1033 4363 odiant-ew.

193 4374 216 4412 ⁷¹
239 4374 278 4422 Ad
293 4376 390 4436 preduce
404 4378 497 4425 mrum
517 4375 664 4441 carumdem]
727 4376 751 4414 ⁷⁸
767 4375 784 4405 ⁰
800 4374 913 4439 Ῐιῳίιί]
931 4377 1008 4426 Modo
1021 4390 1101 4433 manen
1117 4380 1139 4435 ie
1155 4381 1202 4451 850

158 4438 273 4489 ultim
292 4454 372 4487 vocem
381 4442 468 4490 emittit
478 4440 589 4490 Rhenani
599 4440 666 4499 liber,
694 4440 790 4508 phetam
800 4441 926 4511 impetam
937 4443 964 4494 ed
975 4443 1073 4497 bellum.

157 4516 186 4561 es
205 4516 285 4562 uer
301 4504 445 4561 visorum.
485 4506 540 4563 Nec
560 4520 615 4559 aue
636 4522 664 4557 ιι
707 4560 712 4569 ,
