3092 5200
335 383 374 440 as
644 355 972 444 ·'¹·'trtt1.1vlt'

167 547 201 598 u,
213 545 309 599 nata
335 530 394 598 levi
409 506 562 598 armatura
580 530 735 618 proiectus
757 530 925 613 Hannibal,
947 534 977 576 ⁸⁸
986 512 1079 615 quum
1102 528 1267 616 plurimum
1280 531 1314 597 in
1329 553 1383 596 ee·

168 616 200 664 b·
210 615 239 664 ⁰·
249 613 305 665 ²¹⁸·
336 619 430 685 lando
442 622 564 706 incepto
577 619 617 684 ad
631 620 772 685 ellectum
787 622 852 704 spei
873 620 1038 699 habuisset,
1053 631 1145 683 nocte
1159 621 1295 701 adortus,
1315 641 1382 685 non

336 705 445 771 fefellit
457 708 574 790 vigiles.
615 705 734 771 Tantus
760 717 884 792 repente
904 707 1021 770 clamor
1035 717 1082 770 est
1100 707 1248 787 usblatus,
1262 720 1298 770 ut
1311 707 1382 771 Pla-

336 794 444 858 centiae
466 815 586 879 quoque
609 794 773 858 audiretur.
817 792 923 875 ltaque
949 795 1005 855 sub
1028 795 1129 857 lucem
1151 815 1223 856 eum
1243 796 1383 877 equitatu

337 880 443 945 consul
474 881 591 959 aderat,
619 879 714 962 jussis
745 880 896 962 quadrato
926 879 1048 961 agmine
1082 881 1254 962 legionibus
1281 881 1382 963 sequ.

335 965 485 1051 Equestre
507 967 646 1052 proelium
662 967 786 1030 iuterim
800 966 1016 1030 commissurus
1039 966 1073 1029 in
1088 987 1161 1048 quo,
1175 969 1248 1050 qnia
1261 969 1382 1030 sancius

337 1052 492 1118 Hannibal
514 1073 617 1138 pugna
635 1054 777 1133 excessit,
789 1073 902 1138 pavore
916 1053 1053 1115 hostibus
1076 1051 1203 1136 injecto,
1222 1053 1380 1117 defensum

337 1142 458 1226 egregie
471 1139 644 1224 presidium
658 1151 714 1204 est.
745 1140 928 1203 Paucorum
943 1139 1015 1201 inde
1026 1140 1145 1202 dierum
1156 1140 1260 1222 quiete
1268 1151 1380 1220 mmm,

336 1241 370 1292 et
390 1227 516 1292 vixdum
539 1228 613 1291 satis
636 1239 797 1310 percurato
819 1227 955 1306 munere,
977 1227 1019 1288 ad
1042 1225 1231 1289 Victumulas
1249 1227 1293 1290 ire
1307 1248 1379 1311 per-

336 1314 383 1396 git
405 1313 634 1398 obpugnandas.
680 1313 716 1378 ld
738 1313 908 1396 emporium
939 1334 959 1374 a
989 1310 1136 1375 Romanis
1157 1311 1277 1376 Gallico
1299 1314 1380 1377 bello
1434 1369 1438 1374 .

336 1401 437 1464 tirerat
451 1401 612 1466 munitum.
632 1399 703 1464 inde
718 1403 746 1474 ⁰⁰,
756 1402 857 1463 locum
876 1400 1143 1482 frequentaverant
1156 1399 1272 1464 adcola
1290 1401 1380 1463 mixti

336 1486 472 1569 undique
494 1509 533 1550 ex
553 1487 690 1550 finitimis
712 1487 854 1572 populis3
886 1495 919 1548 ct
939 1497 1005 1548 tum
1026 1498 1124 1550 terror
1144 1485 1379 1570 populationum

337 1593 375 1636 eo
386 1575 543 1658 plerosque
555 1595 594 1638 ex
608 1574 688 1656 egris
708 1575 907 1658 compulerat.
950 1570 1051 1655 Hujus
1071 1573 1192 1655 generis
1204 1572 1380 1636 multitudo.

336 1659 421 1724 lama
435 1661 555 1746 inpigre
579 1659 696 1723 defensi
716 1661 755 1724 ari
778 1659 964 1723 Placentiam
987 1659 1118 1744 praesidii
1132 1678 1272 1741 accensa,
1285 1661 1379 1722 armis

336 1747 472 1830 adreptis
486 1747 605 1812 obviam
620 1744 787 1809 Hannibali
800 1745 949 1832 procedit.
985 1749 1010 1786 ⁸¹
1022 1743 1126 1828 Magis
1138 1747 1271 1829 agmina
1286 1767 1379 1830 qnam

337 1832 429 1912 acies,
447 1832 480 1896 in
499 1834 549 1896 via
570 1843 805 1913 concurrerunt3
828 1845 871 1913 et,
893 1833 987 1915 quum
1008 1853 1047 1894 ex
1067 1833 1164 1896 altera
1183 1843 1270 1916 parte
1293 1833 1382 1910 nibil,

337 1932 446 2003 prater
468 1919 656 1984 inconditam
678 1923 811 1999 turbam,
832 1931 923 1999 esset,
945 1918 977 1982 in
998 1919 1096 1982 altera
1123 1929 1156 1982 et
1182 1920 1245 1980 dux
1274 1918 1380 1997 militi,

338 2018 370 2068 et
391 2006 460 2069 duci
483 2007 580 2070 fidens
602 2006 699 2086 miles,
720 2007 762 2070 ad
783 2006 1066 2088 trigintaquinque
1094 2005 1190 2068 millia
1218 2005 1382 2067 hominum

337 2112 357 2154 a
370 2094 476 2174 paucis
491 2093 568 2155 frua.
613 2091 738 2156 Postero
754 2094 816 2171 die,
831 2092 987 2156 deditione
1001 2093 1092 2172 facta,
1106 2090 1277 2175 praesidium
1296 2092 1383 2154 intra

203 2207 207 2212 ·
336 2179 452 2240 moenia
466 2199 629 2261 accepere:
648 2176 786 2261 jussique
805 2201 890 2242 arma
912 2178 1033 2242 tradere
1054 2198 1146 2263 quum
1161 2178 1247 2241 dicto
1260 2179 1382 2261 paruis-

337 2275 418 2342 sent,
437 2265 556 2345 signum
576 2277 701 2347 repente
726 2267 891 2330 victoribus
909 2267 1010 2345 datur,
1032 2276 1070 2329 ut
1082 2278 1241 2346 tamquam
1259 2264 1289 2326 vi
1305 2284 1383 2349 cap·

338 2359 403 2412 tam
419 2351 524 2413 urbem
539 2351 715 2436 diriperent.
734 2373 834 2436 neque
858 2353 930 2432 ulla,
947 2372 1013 2434 quse
1026 2353 1059 2414 in
1078 2353 1132 2414 tali
1147 2373 1181 2414 re
1195 2352 1381 2414 memorabi-

302 2435 304 2442 ’
339 2435 377 2497 lis
399 2437 598 2501 scribentibus
619 2437 715 2501 virleri
737 2441 826 2518 solet,
857 2438 1058 2522 praetermissa
1088 2439 1191 2500 clades
1212 2447 1279 2501 est:
1303 2437 1381 2500 adeo

340 2522 439 2584 omnis
450 2523 595 2603 lrbrdmrs,
607 2524 865 2609 crudelitatisque,
876 2539 909 2590 et
923 2527 1097 2588 inhumanae
1105 2525 1253 2610 superbiae
1263 2524 1380 2587 editum

338 2608 513 2757 iHnmisgros
533 2622 580 2673 est
602 2613 788 2697 exemplum.
832 2611 890 2675 Ha
912 2612 995 2676 fuere
1014 2614 1147 2676 bibemoe
1170 2612 1382 2697 expeditiones

374 2696 444 2758 anni
467 2698 532 2761 alis.

383 2780 494 2846 LVIII.
516 2786 543 2823 ‘¹
553 2782 645 2847 Haud
670 2785 768 2867 longis
783 2786 855 2849 inde
875 2786 1073 2871 temporibus,
1088 2785 1162 2848 dum
1177 2784 1382 2849 intolerabilia

339 2866 452 2951 frigora
474 2882 569 2950 crant,
592 2872 677 2953 quies
699 2872 789 2936 militi
812 2872 885 2936 data
899 2886 967 2937 ests
991 2885 1024 2936 et
1043 2872 1086 2935 ad
1108 2873 1208 2956 prima
1229 2894 1266 2935 ac
1288 2872 1381 2934 dubia

340 2955 427 3037 signa
447 2958 524 3019 veris
544 2958 700 3043 profectus
721 2980 761 3021 ex
781 2958 927 3040 hibernis,
956 2960 990 3022 in
1019 2958 1172 3022 Etruriam
1194 2959 1290 3037 ducit,
1311 2978 1381 3020 eam

341 3062 461 3125 quoque
482 3056 617 3126 gentem,
639 3044 718 3109 sicut
740 3044 845 3109 Gallos
860 3044 1057 3129 Liguresque,
1072 3057 1126 3108 aut
1145 3046 1175 3108 vi
1198 3059 1252 3110 aut
1271 3046 1381 3108 volun·

167 3140 302 3219 urreisan
338 3140 405 3193 tate
441 3129 647 3213 adjuncturus.
702 3130 926 3197 Transeuntem
962 3133 1157 3215 Apenninum
1183 3134 1262 3195 adeo
1292 3144 1382 3195 atrox

170 3209 289 3275 dmm
341 3215 451 3281 adorta
465 3230 629 3303 tempestas
644 3232 701 3301 est,
724 3229 758 3282 ut
771 3220 896 3303 Alpium
911 3220 1081 3283 foerlitatem
1100 3240 1197 3304 prope
1219 3239 1383 3303 superave-

169 3287 247 3326 tentat
260 3270 328 3323 ilsu-
357 3304 364 3321 .

169 3341 239 3393 aibsl.

340 3316 391 3368 nt.
435 3303 536 3369 Vento
550 3308 664 3369 mixtus
678 3307 777 3369 imber
796 3326 889 3389 quum
902 3306 1032 3370 ferretur
1050 3307 1083 3369 in
1097 3308 1166 3389 ipsa
1184 3326 1248 3385 ora,
1271 3305 1383 3389 primo,

339 3390 412 3473 quia
426 3408 478 3455 aut
493 3412 578 3455 arma
592 3392 763 3455 omittenda
778 3406 874 3471 erant,
896 3405 950 3457 aut
972 3404 1081 3456 contra
1101 3394 1252 3455 enitentes
1264 3392 1380 3453 vortice

340 3478 446 3540 intorti
461 3477 694 3559 adfligebantur,
709 3480 895 3543 constitere:
919 3480 1001 3560 dein,
1017 3500 1110 3562 quum
1121 3477 1188 3562 jam
1201 3478 1382 3560 “spiritum

339 3660 439 3728 modun
460 3682 510 3718 esse
529 3666 677 3734 erpugrmrdi.
720 3666 844 3734 oppugna·
876 3671 944 3721 duas
961 3684 1011 3722 est:
1032 3671 1223 3734 «Μαιῶτιν
1243 3684 1333 3739 meas
1353 3674 1385 3722 sd

339 3747 366 3781 re
383 3732 505 3785 uoluntatis
523 3744 616 3785 estrat
636 3736 772 3800 expugnatio
791 3749 844 3801 sps·
876 3753 982 3803 pugnam
1015 3738 1076 3787 Vult
1096 3737 1167 3800 igitur
1184 3738 1263 3789 lirim
1280 3738 1324 3787 bru
1341 3754 1385 3787 ex-

339 3807 410 3848 mtur.
877 3804 961 3853 arcitus
979 3819 1008 3852 eo
1023 3804 1103 3853 ordine
1117 3804 1241 3853 inmotos
1256 3804 1385 3853 amramis-

372 3864 393 3903 Β
404 3864 420 3895 *
431 3860 507 3919 Quum
521 3862 652 3928 plurinum]
676 3860 756 3919 Quum
773 3867 845 3916 mui-
875 3885 911 3930 so,
922 3870 961 3931 qui
972 3868 1049 3919 itineri
1061 3870 1133 3931 magis
1150 3882 1216 3935 spru
1232 3880 1301 3933 essct,
1314 3884 1385 3933 quara

340 3944 400 3981 mum
416 3946 479 3995 rpem
494 3930 609 3981 efficiendi
625 3932 649 3979 id
667 3931 725 3995 quod
743 3932 844 3981 dmin»
875 3934 961 3999 prelio.

337 4006 374 4072 fot
390 3996 415 4045 in
434 4013 463 4046 eo
480 3998 620 4055 collocasset,
638 3996 658 4047 si
678 3998 752 4046 celare
767 4010 845 4062 posset
908 3997 1019 4076 filiani
1038 3996 1107 4075 bagis
1121 3999 1174 4048 inde
1192 3998 1378 4062 tenporibus...

338 4074 737 4191 fflfflfflfffrqmmm
756 4126 846 4192 aetola]
875 4061 1387 4194 mlawpontwssgnlloeqff

339 4186 401 4237 Ioco
425 4192 578 4255 frequentiam
607 4190 737 4241 addiderant
762 4194 844 4258 adjnn.
875 4193 968 4241 merito.
1000 4194 1040 4243 Sic
1056 4210 1078 4242 c.
1094 4208 1164 4255 praec.
1196 4194 1323 4242 Paucum
1337 4194 1388 4241 dis-

339 4256 420 4311 tentas
432 4259 494 4305 sesd
502 4258 596 4323 emporii
607 4258 692 4306 moenis
703 4256 770 4306 multi
780 4258 846 4306 lusbi-
875 4274 927 4305 run
947 4261 1019 4337 ppiete
1036 4268 1131 4320 ornus.
1174 4258 1208 4308 Et
1228 4258 1334 4323 displiect
1356 4256 1388 4304 rb

339 4326 487 4445 lug‘diugis
505 4388 604 4447 syrano,
624 4404 689 4449 quarn
710 4386 779 4449 utus]
798 4385 848 4449 Ag·
878 4330 888 4369 l
948 4359 1055 4450 Spir's’luta
1069 4386 1237 4456 istmtudsro]
1251 4387 1393 4438 bannens

336 4459 391 4513 'snm
409 4455 445 4493 ost
464 4450 575 4497 exereitus
594 4464 623 4497 eo
641 4452 719 4501 ordine
734 4452 848 4515 coraposi·
876 4448 937 4502 libcr
946 4454 1076 4505 includeret.
1377 4452 1381 4458 ’

339 4516 396 4569 tus,
410 4510 451 4572 qui
469 4512 503 4559 sd·
515 4511 561 4563 iter
576 4508 704 4565 telenum
721 4526 848 4566 ummo·
914 4530 917 4535 ·
966 4548 970 4555 -
1051 4534 1067 4545 ¹·
