3092 5200
500 376 580 436 LIB.
599 375 698 436 XXX.
720 377 802 436 CAP.
816 375 911 435 XLII.
1159 377 1226 442 ⁵⁰⁷·

174 528 284 608 adbuc,
295 527 364 610 jure
379 528 498 611 imperii
514 539 595 590 terra
610 549 675 590 rem
686 540 815 610 gereret.
847 526 881 590 Si
898 527 1089 592 conditiones
1104 551 1215 592 conre-
1228 544 1261 595 U.
1273 546 1302 596 c.
1314 546 1372 594 551.

174 616 274 678 nirent
287 616 383 697 pacis,
407 613 519 676 tribuni
535 613 630 696 plebis
645 615 792 696 populum
807 626 961 694 rogarent,
986 628 1089 676 utrum
1104 637 1214 678 consu·
1228 612 1259 661 A.
1271 611 1302 661 ⁰·
1312 608 1372 662 ²⁰¹·

173 701 244 777 lem,
268 721 307 762 an
323 699 357 763 P.
373 699 559 783 Scipionem,
581 698 724 780 juberent
749 719 859 781 pacem
884 699 979 775 dare3
1006 712 1038 763 ct
1064 723 1165 783 quem,
1189 705 1216 766 si

173 787 378 868 deportandus
393 787 543 848 exercitus
565 785 661 847 victor
676 805 715 846 ex
728 783 834 846 Africa
847 796 940 862 esset,
964 785 1137 868 deportare.
1180 786 1216 851 Si

172 892 280 954 pacem
306 893 360 954 per
385 871 418 934 P.
431 870 607 952 Scipionem
635 870 712 948 dari,
736 881 828 950 atque
852 871 891 932 ab
916 871 1023 932 eodem
1049 875 1216 938 exercitum

173 958 326 1040 deportari
345 956 514 1038 jussissent,
538 977 577 1018 ne
593 957 699 1017 consul
722 977 760 1018 ex
775 953 927 1018 Siciliain
941 955 1077 1018 Africam
1092 958 1216 1039 trajice·

174 1055 231 1106 ret.
273 1043 361 1106 Alter
379 1044 496 1120 consul,
522 1042 572 1102 cui
588 1040 677 1104 ltalia
695 1035 855 1119 e'venisser,
879 1041 955 1104 duas
981 1042 1117 1123 legiones
1133 1065 1153 1105 a
1168 1044 1217 1107 M.

174 1126 280 1192 Sextio
294 1137 420 1210 praetore
435 1128 600 1208 acciperet.

215 1212 298 1276 XLI.
321 1211 355 1275 P.
365 1211 502 1296 Scipioni
524 1234 593 1276 curn
616 1211 810 1289 exercitibus,
834 1231 910 1292 qnos
934 1214 1071 1292 baberet,
1097 1216 1129 1275 in
1144 1237 1217 1298 pro-

172 1299 273 1362 vincia
298 1298 405 1362 Africa
430 1311 627 1380 prorogatum
661 1298 831 1380 imperium.
886 1297 1007 1360 Praetori
1031 1298 1079 1361 Μ.
1093 1299 1219 1364 Valerio

172 1383 294 1448 Faltoni
320 1385 385 1446 dure
419 1384 553 1466 legiones
587 1385 621 1446 in
650 1383 778 1460 Bruttis,
803 1385 912 1465 quibus
939 1383 975 1447 C.
989 1383 1091 1446 Livius
1116 1387 1225 1468 priore

173 1490 254 1532 anuo
278 1470 448 1551 praebrerat,
476 1471 614 1532 decretae.
667 1468 700 1532 P.
715 1467 816 1531 AElius
840 1482 951 1551 pretor
980 1471 1055 1532 duas
1080 1472 1217 1553 legiones

174 1555 206 1617 in
223 1551 329 1618 Sicilia
352 1557 390 1617 ab
413 1555 470 1618 Cn.
480 1555 646 1618 Tremellio
661 1556 825 1638 acciperet.
870 1554 965 1637 Legio
986 1577 1048 1618 ruia
1061 1556 1109 1618 M.
1121 1557 1219 1620 Fabio

174 1641 207 1702 in
229 1638 412 1718 Sardiniam,
440 1662 529 1723 quam
546 1641 578 1703 P.
593 1640 738 1702 Lentulus
761 1652 959 1723 propraetore
975 1643 1139 1721 habuisset,
1162 1645 1218 1706 de-

175 1727 317 1790 cernitur.
361 1725 552 1790 inservito
577 1728 684 1809 prioris
709 1728 781 1788 anni
806 1727 934 1803 consuli,
960 1748 1030 1788 cnm
1053 1729 1115 1790 suis
1142 1730 1221 1791 dua·
1267 1741 1272 1747 ’

173 1813 230 1872 bus
256 1813 330 1875 item
356 1813 536 1894 legionibus,
560 1813 591 1874 in
615 1811 738 1876 Etruria
752 1824 951 1894 prorogatum
974 1815 1134 1896 imperium
1160 1829 1219 1879 eet.

175 1895 269 1967 Quod
283 1898 323 1960 ad
337 1897 503 1980 Hispaniae
521 1899 686 1976 adtineret,
709 1899 826 1979 aliquot
844 1898 911 1979 jam
927 1919 1023 1960 annos
1036 1900 1078 1961 ibi
1093 1899 1128 1961 L.
1140 1898 1218 1962 Cor-

174 1983 289 2046 nelium
305 1982 466 2048 lentulum
491 1998 523 2048 et
546 1983 583 2046 L.
598 1983 749 2046 Manlium
763 1984 926 2070 Acidinum
949 2007 1025 2047 esse.
1046 1987 1126 2047 88ιηὶ
1140 2007 1218 2048 con-

174 2069 254 2130 sules
280 2089 351 2130 cnm
373 2071 502 2132 tribunis
524 2081 660 2152 agerent,
686 2071 711 2130 si
737 2070 781 2131 eis
795 2069 955 2149 videretur,
982 2084 1016 2134 nt
1030 2072 1151 2154 plebem
1167 2095 1219 2134 ro-

172 2153 292 2234 garent,
307 2157 356 2218 eui
377 2154 521 2236 juberent
542 2157 574 2218 in
589 2154 745 2238 Hispania
767 2156 929 2237 imperinm
943 2178 1020 2219 esse.
1043 2159 1070 2218 is
1084 2179 1123 2220 ex
1139 2158 1217 2220 duo·

173 2239 230 2300 bus
252 2241 437 2304 exercitibus
466 2243 498 2304 in
522 2262 615 2303 unam
646 2241 797 2321 legionem
832 2244 1038 2306 conscriberet
1061 2243 1219 2306 Romanos

174 2324 300 2404 milites,
324 2337 355 2386 et
382 2327 413 2386 in
443 2328 617 2408 quindecim
649 2329 791 2389 cohortes
819 2328 920 2390 socios
944 2326 1046 2391 latini
1075 2330 1219 2409 nominis,

175 2409 284 2492 quibus
335 2412 501 2474 rovinciam
528 2413 700 2475 obtineret:
732 2423 850 2474 veteres
875 2414 987 2476 milites
1010 2413 1046 2476 L.
1060 2414 1220 2478 Cornelius

176 2505 210 2556 et
236 2494 272 2558 L.
326 2496 423 2558 anlius
452 2499 484 2559 in
515 2495 636 2560 ltaliam
665 2498 872 2580 deportarent.
930 2498 1073 2562 Cornelio
1101 2502 1219 2562 consuli

175 2580 395 2664 quinquaginta
408 2583 529 2645 narium
551 2585 656 2645 classis
680 2605 719 2645 ex
741 2585 859 2660 dualrus
872 2585 1030 2663 classibus,
1052 2584 1218 2649 Cn.0cta·

173 2667 225 2745 vii,
248 2688 315 2748 qua
329 2669 361 2729 in
375 2668 481 2731 Africa
502 2682 592 2747 esset,
619 2668 651 2730 P.
661 2666 756 2746 Villii,
780 2690 848 2749 que
869 2668 980 2733 Sicilire
1002 2692 1088 2733 oram
1110 2675 1219 2735 tueba-
1328 2704 1341 2713 ··

174 2762 235 2828 tur,
262 2754 403 2813 decreta:
436 2766 482 2831 ut,
511 2775 585 2834 quas
610 2775 703 2819 naves
733 2754 833 2832 vellet,
866 2756 1023 2836 deligeret.
1067 2756 1102 2818 P.
1113 2758 1218 2840 Scipio

174 2836 396 2917 quadruginta⁸
419 2836 525 2918 longas
548 2860 638 2900 naves
661 2840 800 2916 haberet,
823 2860 898 2918 qrras
919 2841 1085 2902 habuisset.
1109 2844 1219 2922 quibus

173 2919 281 2985 siCn.
296 2920 469 2999 Octavium,
500 2923 580 2985 sicut
606 2922 782 3005 praefuisset,
813 2945 938 3005 praesse
962 2924 1064 3002 vellet,
1086 2925 1218 2989 &tario

108 3098 115 3110 ·
173 3009 1217 3177 ltlffwttl.:⁰¹l.t”.ll¹”ttltzbt&titinium

174 3178 281 3256 quibus
307 3178 423 3241 consuli
445 3200 515 3243 ersus
536 3201 598 3241 non
625 3192 714 3241 esset.
757 3179 800 3242 Et
813 3180 860 3243 M.
872 3180 968 3243 Fabio
990 3183 1021 3245 in
1042 3182 1216 3247 Sardiniam

175 3262 281 3325 decem
311 3263 410 3344 longe
438 3286 530 3327 naves
559 3266 696 3328 decreta.
740 3264 782 3328 Et
807 3268 947 3329 cumules
975 3268 1053 3330 duas
1080 3269 1216 3352 legiones
1230 3287 1372 3349 relegun-

174 3348 305 3411 urbunae
320 3352 450 3413 seribere
471 3350 569 3431 jussi:
596 3362 631 3414 ut
655 3353 884 3433 quatuordecim
908 3353 1078 3435 legionibus
1101 3376 1140 3419 eo
1159 3378 1214 3420 an·
1227 3353 1278 3410 rue
1291 3353 1344 3401 ¹⁰⁰·

173 3453 227 3511 uo,
242 3438 269 3475 ⁶⁹
279 3447 403 3498 centum
417 3436 544 3499 navibus
559 3437 658 3516 longis
673 3439 845 3520 respublica
858 3439 1130 3505 administraretur.
1226 3417 1367 3532 ”amm

215 3518 315 3583 xnrr.
335 3520 417 3583 rum
442 3524 480 3584 ee
506 3523 615 3604 legaris
630 3522 761 3606 Philippi
783 3537 818 3586 et
838 3522 1141 3606 nmragrnremum
1163 3499 1376 3609 ...emm

173 3616 249 3669 tum.
292 3606 409 3671 Priores
432 3606 622 3671 Macedonas
647 3610 798 3671 introduci
824 3610 958 3693 placuitz
983 3632 1110 3693 quonam
1133 3618 1217 3679 varia
1226 3611 1292 3678 lippi.

172 3692 273 3753 oratio
287 3691 364 3770 fuit3
389 3695 501 3775 partim
523 3696 729 3776 purgantium,
753 3716 821 3777 quar
841 3698 939 3778 qneeti
963 3711 1050 3761 erant
1069 3702 1154 3763 missi
1174 3704 1217 3765 ad

173 3796 277 3857 regem
292 3798 312 3840 a
325 3778 427 3841 Rome
451 3778 544 3862 legati
565 3782 603 3843 de
626 3782 825 3864 populatione
846 3783 1019 3862 sociornm3
1041 3788 1154 3867 partim
1168 3790 1217 3850 ul-

173 3870 223 3925 tro
236 3866 445 3927 accusantium
460 3866 582 3947 quidem
607 3879 639 3929 et
657 3867 757 3931 socios
779 3869 884 3951 populi
901 3868 1044 3949 Romani,
1065 3872 1120 3933 sed
1135 3874 1217 3937 mul-

174 3956 207 4007 to
222 3947 358 4011 infestius
374 3948 421 4014 M.
433 3950 588 4013 Aurelium
599 3974 623 4041 ς,
641 3952 744 4033 (quem
766 3974 806 4014 ex
831 3955 926 4016 tribus
947 3956 988 4017 ad
1009 3977 1042 4017 se
1057 3958 1156 4020 missis
1171 3960 1217 4022 le-

519 4110 697 4174 ‘rsffsresim
708 4108 861 4160 (imcut-

203 4211 676 4284 “vummauumonn
708 4230 796 4271 mian
829 4231 851 4271 et
875 4223 1127 4276 &assemdim
1151 4228 1217 4279 erin

170 4277 236 4335 aar.
251 4288 280 4327 a
295 4282 314 4327 n
331 4284 433 4335 m.
465 4286 551 4346 sigma
570 4286 636 4344 riser.
652 4298 677 4335 e
708 4288 871 4349 snmus
891 4302 969 4344 mu,
993 4290 1091 4339 m
1114 4291 1216 4343 musa

170 4344 427 4399 thetoeJtlu'.
459 4351 678 4416 Rectclccitffl'u-
708 4352 803 4415 Scipio;
820 4352 1110 4414 Msahiminsnutnn,
1123 4358 1215 4409 deren.

171 4408 418 4472 quinamentorum.
708 4416 762 4465 Nisi
780 4418 889 4467 nuria
905 4418 1020 4467 ιίιαω
1036 4434 1159 4473 mun
1169 4436 1214 4473 ae·

203 4470 226 4511 Φ
242 4472 336 4535 Catu
372 4476 463 4527 mutar
496 4476 579 4547 lorgii]
616 4480 677 4543 lage
707 4480 788 4543 alexit.
