3092 5200
533 371 861 485 mmmm
1176 387 1212 450 rs

177 531 370 612 adiutorem
390 543 616 610 conciliandmu
636 557 724 611 esset.
767 543 943 626 Numquam
963 543 1119 624 ingenium
1134 543 1218 606 idem

179 633 218 695 ad
233 653 278 693 res
294 633 519 710 diversissimas,
538 634 705 715 parendum
727 641 819 714 atque
839 629 1061 712 imperandum,
1085 630 1220 690 habdius

177 718 244 780 linit.
263 719 365 800 itaque
388 719 470 780 haud
489 719 577 780 facile
594 716 833 794 ¹‘decemeres¹¹,
852 728 954 778 utrum
975 710 1162 797 imperatori,
1177 732 1220 775 au

178 805 333 882 exercitui,
357 805 456 868 carior
479 817 577 867 esset:
601 825 697 886 neque
718 801 892 864 Hasdrubal
916 802 1009 862 alium
1032 815 1219 881 quemquam

177 889 328 971 praeficere
346 891 448 966 malle,
461 891 512 952 ubi
528 891 600 972 quid
621 890 741 952 fortiter
761 908 796 950 ac
812 900 933 950 strenue
947 887 1099 968 agendum
1115 895 1221 946 essets

179 971 278 1055 neque
292 974 404 1037 milites
418 977 478 1038 alio
493 976 571 1038 duce
586 977 653 1058 plus
663 974 825 1051 confidere,
836 986 890 1035 aut
905 972 1027 1034 audere.
1050 969 1222 1032 Plurimum

179 1061 313 1122 audacia
327 1061 368 1122 ad
382 1061 516 1144 pericula
530 1061 725 1144 capessenda,
747 1060 909 1142 plurimum
923 1058 1040 1120 consilii
1055 1058 1137 1118 inter
1150 1057 1224 1137 ipsa

178 1146 313 1227 pericula
338 1159 413 1208 erat.
437 1147 522 1208 nullo
546 1147 648 1208 labore
669 1157 722 1207 aut
744 1165 853 1228 corpus
873 1143 1007 1225 fatigari,
1028 1142 1223 1204 antonimus

179 1231 260 1292 vinci
275 1243 406 1313 poterat.
450 1231 568 1294 Caloris
583 1253 618 1294 ac
633 1231 753 1312 frigoris
768 1231 917 1313 patientia
935 1249 1009 1311 par:
1034 1227 1094 1289 cibi
1118 1227 1223 1309 potio·
1321 1262 1325 1270 ·

180 1315 288 1398 uisque
302 1316 453 1379 desiderio
468 1319 608 1394 naturali,
627 1337 689 1379 non
713 1316 879 1398 voluptate,
893 1315 1004 1376 modus
1016 1313 1131 1375 linitus.
1143 1311 1222 1392 uigi-

181 1401 289 1462 liarum
312 1403 469 1484 somnique
494 1424 551 1465 nec
576 1403 636 1480 die,
657 1423 714 1463 nec
736 1413 828 1463 nocte
844 1401 1057 1486 discriminata
1070 1409 1222 1482 tempora.

183 1485 231 1564 Id,
247 1488 328 1566 quod
342 1489 481 1569 gerendis
504 1490 591 1550 rebus
612 1497 792 1570 superesset,
808 1487 903 1568 quieti
921 1487 1050 1546 datum:
1073 1505 1111 1545 ea
1124 1503 1225 1564 nsque

181 1572 268 1633 molli
283 1586 391 1651 strato,
410 1593 509 1654 neque
529 1575 649 1635 silentio
671 1577 695 1620 ¹⁷
703 1574 856 1635 arcessita.
899 1569 992 1631 Multi
1006 1591 1085 1654 saepe
1097 1569 1226 1631 militari

184 1659 291 1736 sagulo
306 1670 457 1738 opertum,
472 1660 555 1720 humi
566 1658 731 1740 jacentem·
744 1660 822 1720 inter
842 1657 994 1719 custodias
1015 1656 1229 1736 stationesque

183 1742 329 1819 militum,
344 1755 575 1824 conspexerunt.
616 1743 750 1803 Vestitus
771 1744 847 1804 nihil
869 1744 949 1804 inter
972 1742 1099 1822 aequales
1120 1741 1228 1802 excel-

132 1891 134 1897 ,
185 1827 271 1887 lens:
295 1847 380 1887 arma
402 1841 492 1910 atque
515 1829 583 1912 equi
615 1828 920 1908 ¹⁸c0nspiciebantur.
971 1826 1115 1906 Fquitum
1136 1827 1225 1908 pedi-

185 1923 311 1991 tumque
330 1911 413 1971 idem
428 1913 519 1992 longe
534 1913 648 1994 primus
667 1923 742 1973 erat.
764 1913 904 1994 princeps
928 1912 961 1971 in
982 1911 1123 1994 proelium
1139 1911 1228 1972 ibat:

183 1993 308 2056 ultimus
327 2008 468 2058 conserto
489 1997 597 2078 proelio
612 1997 789 2058 excedebat.
833 1996 899 2058 Has
915 2007 1016 2057 tantas
1032 1997 1088 2057 viri
1099 1995 1226 2057 virtutes

184 2081 323 2162 ingentia
352 2081 426 2142 vitia
457 2083 635 2162 aquabant3
669 2081 871 2144 ¹⁹inlrumana
902 2082 1077 2156 cmdelitus,
1100 2080 1231 2161 perfidia

184 2166 253 2248 plus
268 2185 359 2247 quam
375 2165 498 2245 Punica,
513 2167 589 2230 nibil
612 2167 685 2245 veri,
709 2166 785 2228 nihil
800 2167 909 2244 sancti,
932 2166 1032 2227 nullus
1046 2164 1147 2226 Dellm
1162 2185 1230 2225 mc·

184 2263 246 2329 tus,
271 2251 387 2312 nullum
407 2251 630 2333 jusjurandum,
661 2253 744 2313 nulla
768 2253 884 2332 religio.
937 2250 1015 2312 Qum
1038 2251 1096 2333 hac
1124 2247 1230 2311 indole

184 2338 329 2398 virtutum
342 2350 433 2418 atque
451 2339 594 2400 vitiorum
609 2339 727 2399 trennio
746 2338 802 2398 sub
825 2335 1016 2398 Hasdrubale
1043 2337 1227 2418 imperatore

185 2424 307 2499 meruit,
329 2422 411 2484 nulla
433 2445 475 2502 re,
489 2415 554 2505 quse
575 2425 695 2506 agenda
707 2423 898 2504 videndaque
912 2442 1024 2505 magno
1039 2422 1140 2483 futuro
1153 2419 1224 2500 duci

188 2519 279 2584 esset,
291 2509 499 2589 praetermissa

232 2591 270 2655 V.
293 2591 436 2656 Ceterum
452 2616 491 2657 ex
506 2616 566 2677 quo
586 2595 635 2658 die
655 2595 717 2658 dux
738 2606 785 2657 est
798 2595 978 2673 declaratus,
993 2596 1077 2658 velut
1092 2593 1182 2658 ltalia
1196 2593 1224 2656 ei
1238 2594 1355 2673 Hennae!

111 2696 115 2703 ’
186 2680 343 2760 provincia
364 2680 497 2758 decreta,
528 2682 697 2762 bellumque
727 2680 900 2742 Romanum
932 2682 1109 2744 mandatum
1133 2693 1224 2759 esset,
1237 2663 1392 2773 ss‘umgm'·

187 2764 263 2825 nihil
277 2766 491 2847 prolatandum
506 2779 600 2844 ratris,
622 2789 660 2828 ne
675 2786 707 2828 sc
723 2786 853 2848 quoque,
876 2778 910 2828 ut
932 2778 1051 2849 patrem
1067 2766 1224 2828 Hamilcs-
1238 2739 1392 2841 ,ffifqffi

186 2868 263 2927 rem,
284 2851 394 2911 deinde
410 2850 645 2930 Hasdrubalem,
668 2864 861 2914 cunctantem
884 2872 971 2913 casus
990 2853 1099 2933 uliquis
1121 2853 1224 2934 obpri-
1349 2903 1354 2909 ,

187 2946 294 3013 meret,
309 2934 485 3017 Saguntinis
506 2938 616 2999 inferre
634 2938 746 2999 bellum
760 2939 877 2999 statuit.
891 2939 998 3019 quibus
1013 2938 1225 3019 obpugnandis
1238 2935 1283 2983 Μ
1292 2933 1356 3010 pgiu·

189 3020 261 3097 quia
271 3020 353 3082 haud
364 3022 456 3082 dubie
466 3021 607 3084 Romana
617 3044 701 3085 arma
712 3024 919 3100 movebantur,
939 3024 971 3084 in
985 3023 1137 3085 Olcadum
1150 3024 1225 3085 lines
1239 2998 1372 3112 ffi'jffl,

189 3102 273 3183 prius
291 3104 382 3183 (ultra
395 3106 517 3167 iberum
529 3127 565 3167 ea
576 3128 651 3187 gens
673 3112 700 3145 ²⁰
708 3110 740 3168 in
760 3119 846 3189 parte
861 3109 968 3188 magis,
983 3129 1074 3189 quam
1089 3111 1120 3170 in
1136 3110 1227 3171 ditio-
1238 3128 1293 3180 fen,

189 3206 241 3262 ne,
266 3186 566 3269 Karthaginiensium
588 3192 664 3268 erat)
690 3192 810 3253 induxit
832 3194 1007 3270 exercitum,
1030 3206 1066 3255 ut
1089 3215 1152 3255 non
1174 3215 1229 3274 pc-

192 3272 272 3343 tisse¹
287 3270 483 3355 Saguntinos,
503 3275 557 3335 sed
571 3294 670 3335 rerum
686 3276 772 3353 serie,
792 3275 929 3338 finitimis
942 3278 1065 3339 domitis
1079 3278 1231 3357 gentibus,

558 3468 570 3501 ¹¹
585 3469 714 3517 discerneres
724 3470 793 3519 Crer.
804 3468 867 3533 Rup.

224 3625 245 3661 ¹⁶
261 3626 408 3693 Diacsnseres]
425 3630 464 3679 stc
481 3631 566 3680 babent
578 3632 642 3694 libri,
657 3634 693 3681 t'a-
724 3634 807 3690 solum
824 3633 864 3681 sed
884 3643 909 3682 et
926 3632 997 3681 ceteri
1010 3636 1116 3683 certatim
1132 3635 1232 3687 Romani

191 3700 256 3740 tecte
284 3692 409 3753 Gronosio,
436 3698 475 3757 qui
495 3708 572 3745 umen
594 3699 694 3761 reposuit
725 3698 845 3760 scriptores
880 3698 904 3745 in
932 3698 1068 3746 Annibalem
1098 3702 1232 3763 conjiciunt.

190 3756 319 3831 &amnem
351 3760 424 3807 Nobis
442 3760 491 3809 base
505 3763 694 3811 mutationecea-
727 3764 824 3811 Graecias
861 3763 956 3828 scriptor
987 3763 1082 3811 dubium
1114 3764 1233 3828 relinquit,

191 3835 251 3896 sarra
272 3837 319 3869 non
340 3824 387 3873 sisa
408 3835 452 3873 est.
492 3827 574 3890 ltaque
593 3838 694 3875 veterem
726 3827 1033 3885 suumingeuioacnatnra
1047 3829 1146 3878 crudelis
1159 3830 1232 3879 fuerit

191 3882 316 3935 lectionem
327 3888 487 3937 manavimus.
726 3892 836 3948 Annibal,
855 3906 885 3939 sn
905 3908 959 3941 sero
982 3894 1107 3941 amicorum
1133 3894 1232 3943 consiliis

228 3949 248 3985 ¹⁷
264 3949 279 3980 '
295 3951 413 4016 Areesdtn]
430 3952 535 4011 invitata,
543 3954 668 4005 cmciliata.
726 3967 751 4005 et
770 3957 901 4005 necmaitati
918 3972 996 4006 rerum
1014 3958 1135 4005 tribuenda
1146 3958 1231 4007 aiotea

210 4012 247 4088 ¹¹⁸
265 4012 464 4079 Casmisistmtasr]
483 4019 612 4084 Conspicua
621 4030 694 4069 erant.
725 4036 778 4083 qnae
789 4021 912 4069 tnrdeliter
922 4023 950 4069 ab
968 4023 1016 4084 ipso
1031 4024 1090 4069 iacta
1100 4036 1229 4071 monn·

192 4077 259 4126 Stel.
273 4082 369 4129 t.c.l7.
402 4080 464 4135 Quid
477 4092 499 4133 te
512 4092 539 4131 ut
556 4087 641 4149 regium
650 4086 693 4145 ju·
725 4096 771 4134 tur.
800 4085 963 4134 ldemaridum
975 4085 1078 4149 pecunias
1088 4086 1230 4135 Annibalem

190 4146 443 4221 Manapioiainial
458 4159 539 4199 xxxv.
550 4164 571 4197 c.
583 4151 623 4197 52.
651 4149 695 4197 Ra·
725 4151 785 4227 apud
810 4150 870 4215 ipsoe
902 4150 1100 4210 Carthaginienses
1124 4149 1228 4200 habitum

188 4211 530 4338 ‘duddiiidid'ffiam
546 4274 574 4324 tn
585 4276 693 4341 axem.
724 4213 1114 4343 fflffiffiiffiffl'a
1131 4277 1225 4341 arma]

191 4349 215 4383 e.
233 4334 251 4384 l.
269 4346 305 4385 tx.
322 4336 404 4402 Polyb.
413 4340 443 4388 de
452 4341 505 4390 virt.
516 4352 541 4389 et
552 4342 613 4390 vitiis
622 4344 693 4391 babe-
724 4344 801 4405 Magia
818 4346 880 4392 intra
906 4343 991 4393 limites
1013 4344 1101 4393 ioedera
1122 4343 1228 4396 Romano

193 4412 244 4449 mus
253 4401 313 4449 bene
322 4402 413 4463 longam
422 4405 601 4468 disquisitionem
611 4407 694 4457 deboc
724 4408 948 4471 Carthaginiensibus
972 4408 1084 4470 mnam,
1107 4424 1175 4475 quam
1201 4409 1227 4457 in

195 4464 332 4519 ammana
351 4467 455 4532 erimine.
472 4472 532 4537 quud
553 4486 600 4523 nou
618 4473 695 4524 biritu
724 4488 805 4529 mrum
813 4475 959 4561 ditione.sep
967 4482 1089 4542 potestne
