3092 5200
336 363 402 432 sae
451 349 455 360 “
771 329 975 419 mrinrvu
1049 368 1057 382 ·

174 547 209 599 u·
221 547 253 599 ρ,
264 549 320 600 stt.
341 511 418 576 citus
433 509 472 572 ab
486 506 586 572 Roma
599 507 693 587 venit,
704 507 865 590 literasque
875 530 894 571 a
905 509 941 572 C.
951 506 1122 591 Calpurnio
1136 519 1266 591 pretore
1281 501 1391 571 Fulvio

176 616 208 665 Δ.
219 613 249 666 0.
260 616 317 665 211.
341 610 373 662 ct
401 595 694 660 senatusconsultum
718 595 854 668 tradidit.
882 617 1016 658 murmur
1044 597 1083 658 ab
1113 595 1259 660 tribunali
1289 606 1389 658 totam

343 685 522 786 concionem
537 683 678 784 pepvasit,
693 682 808 782 flifferri
820 703 882 744 rem
897 683 1047 808 integram
1062 682 1103 744 ad
1119 681 1224 782 Patres
1238 681 1278 743 de
1293 679 1389 765 Cam·

342 768 1390 939 &ruffilli{inmunditiisintitul?

343 944 479 1006 lictorem
493 944 519 988 ⁷⁰
530 943 599 1024 lege
614 961 703 1022 agere
712 941 844 1022 juberet.
887 941 935 1004 lta
948 941 986 1003 de
1000 943 1037 1003 iis
1049 962 1180 1023 quoque,
1194 943 1248 1023 qui
1263 939 1388 1002 Calibus

343 1040 439 1108 erant,
465 1040 600 1090 sumtum
626 1028 818 1112 supplicium.
875 1027 955 1090 Tum
979 1027 1068 1090 litera
1094 1028 1179 1090 lectae
1202 1038 1389 1110 senatusque

343 1116 525 1192 consultum,
547 1135 647 1176 serum
667 1114 707 1175 ad
726 1114 940 1197 inpediendam
964 1135 1028 1176 rem
1042 1124 1162 1190 actam,
1185 1133 1251 1196 quae
1264 1133 1388 1174 summa

343 1201 906 1352 titillamentis&
921 1213 1034 1349 Ὗ·
1066 1197 1384 1348 &illim

178 1370 201 1402 ”¹
239 1387 247 1404 ·
343 1377 449 1438 urbem
472 1374 663 1454 turbamque,
689 1373 813 1435 nomine
833 1307 1009 1436 inclririivii
1021 1307 1097 1451 :pit
1111 1393 1214 1454 quum,
1226 1372 1383 1455 mirabun-

344 1462 400 1524 dus
415 1461 560 1543 quidnam
574 1479 640 1522 sese
654 1458 754 1538 uellet,
768 1459 930 1532 resedisset
943 1457 1082 1536 Flaccus,
1096 1456 1173 1520 ‘Me
1183 1455 1319 1542 quoque,'
1336 1457 1385 1518 in-

343 1548 419 1630 quit,
443 1544 539 1628 ‘jube
554 1545 665 1624 occidi,
679 1557 715 1608 ut
728 1545 852 1627 gloriari
867 1547 975 1628 possis,
994 1544 1094 1608 multo
1108 1545 1274 1624 fortiorem,
1294 1535 1386 1625 qu'am

341 1636 352 1667 ‘
367 1635 433 1717 ipse
447 1653 491 1712 es,
505 1633 602 1696 virum
612 1633 666 1696 abs
681 1641 712 1694 te
726 1632 863 1694 occisum
875 1630 962 1694 esse!
995 1631 1099 1703 Quum
1110 1629 1237 1694 Flaccus
1250 1640 1389 1712 negaret,

341 1719 504 1802 ‘profecto
527 1720 602 1782 satis
626 1730 802 1801 compotem
824 1718 936 1781 mentis
955 1739 1021 1780 esse
1034 1716 1069 1800 ε’,
1083 1717 1189 1795 modo,
1212 1714 1388 1811 ‘prohiberi

265 1838 269 1847 ,
341 1808 352 1840 ‘
366 1807 460 1868 etiam
475 1826 519 1884 se,
533 1806 559 1868 si
574 1807 605 1869 id
619 1805 723 1886 uellet,
739 1803 1019 1884 sensusconsulto:
1042 1804 1179 1867 diceret:
1203 1815 1269 1867 tum
1282 1801 1390 1884 lubel-

289 1921 295 1932 ·
340 1893 410 1972 lius,
431 1891 731 1975 ‘Quandoquidem'
747 1893 857 1974 iuquit,
872 1893 983 1975 ‘capta
996 1891 1109 1984 patria,
1123 1889 1299 1973 propinquis
1311 1889 1389 1950 ami-

340 1979 469 2061 ‘cisquc
489 1981 617 2060 amissis,
636 1999 728 2060 quum
749 1979 814 2060 ipse
833 1999 925 2042 manu
945 1998 1015 2040 mea
1035 1975 1198 2059 conjugem
1215 1977 1387 2058 liberosque

340 2065 581 2145 ‘interfecerim
611 2087 651 2126 ne
673 2065 747 2146 quid
769 2066 886 2145 indigni
908 2074 1092 2147 pstereumr,
1118 2063 1194 2124 mihi
1218 2084 1256 2125 ne
1276 2061 1384 2124 mortis

340 2151 351 2184 ‘
366 2151 489 2231 quidem
512 2149 602 2230 copia
616 2151 724 2212 eadem
739 2161 797 2228 est,
818 2172 884 2232 qna
899 2151 950 2225 his·
963 2151 1076 2212 civibus
1090 2150 1188 2226 meis;
1217 2158 1338 2232 petatur
1364 2167 1386 2208 a

341 2235 476 2306 fvirtute
491 2233 592 2296 invisae
611 2234 700 2312 hujus
722 2235 790 2296 vita
803 2234 958 2306 vindicta?
979 2248 1069 2316 atque
1089 2237 1136 2300 ita
1153 2235 1268 2318 gladio,
1290 2253 1385 2315 quem

340 2329 425 2380 veste
448 2328 577 2395 texerat,
601 2337 656 2399 per
677 2317 836 2380 adversum
857 2332 966 2401 pectus
991 2320 1163 2398 mansium,
1189 2333 1261 2384 mrtc
1289 2319 1388 2403 perles

341 2404 532 2486 imperatoris
552 2401 748 2476 moribundus
764 2406 937 2485 procubuit.

384 2486 470 2552 XVI.
493 2488 583 2567 Quis,
602 2501 635 2552 et
655 2490 737 2570 quod
753 2491 793 2552 ad
807 2492 990 2574 supplicium
1010 2494 1129 2558 adtinet
1149 2492 1387 2576 Campanorum,

341 2587 374 2639 et
392 2575 535 2658 pleraque
553 2575 623 2655 alis,
636 2576 683 2643 ,de
699 2575 802 2639 Flacci
815 2578 904 2642 unius
919 2582 1073 2647 sententia
1086 2594 1156 2647 acta
1173 2592 1277 2659 erant,
1300 2600 1385 2641 mor·

341 2675 427 2749 tuum
441 2660 502 2745 Ap.
517 2660 678 2725 Claudium
694 2665 749 2726 sub
764 2664 951 2729 deditionem
965 2666 1088 2750 Capua,
1110 2668 1231 2750 quidam
1250 2665 1385 2749 tradunt.

340 2749 424 2811 hunc
437 2768 558 2831 quoque
572 2749 670 2831 ipsum
684 2746 837 2821 Tauream
851 2773 950 2837 neque
964 2775 1021 2817 sus
1034 2767 1143 2839 sponte
1156 2755 1270 2818 venisse
1281 2751 1384 2831 Cales,

340 2854 440 2917 neque
463 2855 519 2899 sua
543 2856 635 2899 manu
661 2836 877 2902 interfectum:
909 2841 974 2918 sed,
1003 2841 1077 2905 dum
1102 2844 1181 2905 inter
1203 2851 1318 2905 ceteros
1341 2838 1385 2901 ad

340 2922 446 3005 palum
460 2920 622 3004 deligatur,
636 2923 709 3005 quia
721 2946 831 3007 parum
845 2926 923 2989 inter
937 2928 1081 3010 strepitus
1095 2928 1231 2991 exaudiri
1251 2936 1386 3009 possent,

340 3007 671 3177 linssffiiimilt
694 3010 960 3163 :luitulfi
972 3012 1116 3163 Ἤ
1124 3012 1386 3163 Ῑωῗῗείηὲἓ

341 3181 568 3245 ‘fortissimum
591 3183 631 3245 ab
654 3204 844 3267 nequaquam
865 3187 932 3269 peri
946 3187 986 3251 ed
998 3113 1275 3263 virttirtelirmoui’cidi!
1319 3183 1385 3247 Sub

341 3266 653 3419 suenum
669 3272 1050 3355 Μ’
1075 3274 1123 3377 r-
1144 3272 1386 3421 Q

341 3400 606 3522 Lectum'quoque
619 3379 928 3539 senatuscrilnlirliirni,
947 3380 1384 3531 pfifflupplmsrppmegfeerirrgeei’

341 3526 465 3609 quidam
480 3538 619 3589 suctores
633 3539 713 3590 sunt.
726 3528 792 3608 sed,
806 3529 879 3610 quis
892 3532 1078 3617 adscriptum
1092 3533 1125 3594 in
1139 3531 1384 3597 senatusconsul-

340 3610 487 3711 tefuerit,
498 3610 510 3644 ‘
520 3611 545 3672 si
561 3612 589 3673 ei
603 3612 764 3693 videretur,
775 3614 926 3698 integram
936 3638 1001 3681 rem
1016 3619 1056 3681 ad
1070 3631 1210 3682 senatum
1224 3614 1384 3702 rejiceretss

340 3706 571 3779 interpretatum
595 3718 672 3779 esse,
696 3701 770 3783 quid
784 3703 881 3785 magis
895 3726 913 3766 e
928 3704 1081 3789 republica
1095 3706 1229 3785 duceret,
1251 3705 1385 3770 muma-

340 3783 455 3846 tionem
480 3783 536 3845 sibi
564 3786 751 3867 permissam.
806 3787 945 3874 Capuam
969 3812 989 3854 a
1013 3790 1136 3854 Calibus
1165 3794 1298 3877 reditum
1325 3804 1386 3871 est,

340 3868 501 3949 Atellaque
525 3880 558 3932 et
582 3869 701 3934 Calatis
723 3874 755 3936 in
781 3874 968 3939 deditionem
994 3890 1135 3962 accepts„
1160 3879 1202 3941 ibi
1218 3899 1337 3961 quoque
1351 3879 1385 3941 in

341 3974 405 4034 eos,
429 3955 480 4036 qui
504 3956 607 4038 capita
620 3978 718 4021 rerum
743 3974 839 4041 erant,
862 3964 1114 4030 animadversum.
1157 3964 1243 4027 lau
1256 3966 1297 4027 ed
1310 3986 1385 4047 sep-

340 4042 505 4125 maginus
526 4043 677 4139 principes
699 4059 821 4110 senatus
842 4049 1014 4133 interfecti,
1043 4052 1171 4117 trecenti
1184 4052 1278 4113 ferme
1291 4052 1385 4112 nobi·

719 4190 732 4229 3
746 4190 854 4252 otlogh&
864 4190 939 4240 01³0ss-
949 4188 1019 4241 cm·
1303 4261 1307 4267 Δ

342 4268 396 4383 V'm
410 4274 520 4355 ,arreptor
540 4280 632 4360 littam,
650 4298 718 4346 nsque
733 4286 849 4366 minem]
878 4285 902 4337 in
914 4288 1031 4341 &morter
1041 4288 1228 4342 animadvertere.

366 4338 445 4386 ruculrs
460 4344 594 4403 qmbusdam
611 4348 695 4397 lrtterte
712 4350 770 4414 apud
788 4364 848 4401 anu·
909 4352 932 4389 ⁷¹
958 4356 996 4403 Ad
1017 4360 1127 4421 octoginta
1148 4360 1256 4421 principa
1281 4350 1382 4417 Mu]

343 4416 399 4463 ques
409 4405 566 4458 nectebantur.
877 4416 941 4466 Tum
959 4434 990 4469 ex
1008 4421 1096 4489 Capua,-
1112 4433 1164 4475 tun
1181 4439 1210 4475 er
1226 4412 1303 4474 Asslh
1315 4420 1385 4470 001⁸·

259 4558 268 4575 ἢ
334 4556 338 4563 Ι
373 4462 397 4503 ⁷⁰
420 4462 479 4531 Lege
497 4474 571 4536 cgere]
596 4474 631 4528 Er
651 4476 701 4542 lege
722 4478 790 4533 officii
810 4483 847 4534 sui
877 4482 965 4548 tirquc.
