3092 5200
443 348 520 408 Lus
539 348 657 410 xxffl.
677 348 759 408 CAP.
777 350 892 409 XVIII.
1141 358 1201 415 lb,

151 503 220 581 bis,
233 524 297 586 que
308 502 354 565 cis
366 498 549 565 Vulturnum
562 516 623 582 est,
654 501 706 582 (eo
719 505 804 567 enim
826 504 969 567 dividitur
998 506 1093 585 anmi)
1109 526 1202 569 oceu-
1214 508 1249 563 u.
1258 509 1289 559 c.
1298 514 1364 565 538.

150 610 281 671 pavere.
306 589 396 672 nque
421 590 613 671 presidium
628 588 755 653 carina
782 592 936 653 usnemu
950 590 1093 653 Romani.
1135 574 1356 657 nanc-²¹⁶·

146 676 243 739 ditur
262 688 295 738 et
320 674 464 737 Perusina
482 677 604 755 cohors,
629 677 768 739 homines
791 677 1002 759 quadringenti
1032 679 1202 761 scutagium,

147 763 271 825 eodem
296 762 420 839 nuncio,
443 782 504 842 quo
525 761 699 826 Pmnestini
722 777 924 846 paucosauts
940 764 1016 842 dies,
1032 762 1202 827 Casilinum
1298 784 1299 789 ¹

149 849 320 931 compulsi.
346 860 379 911 et
407 849 481 914 satis
502 848 598 911 ferme
619 860 805 913 armatorum
819 851 859 913 ad
875 862 939 913 tam
952 851 1064 931 exigua
1078 851 1202 929 moerria,

151 946 193 997 et
209 935 332 997 flumine
348 934 445 996 altera
457 946 544 1016 parte
561 935 675 1013 cincta,
690 936 805 998 tuenda
818 948 893 999 erat.
907 938 1034 1019 penuria
1047 937 1202 1015 frumenti,

148 1021 289 1083 nimium
302 1022 442 1083 etiamut
455 1020 606 1083 vidersmr
627 1022 797 1100 hominum,
818 1024 977 1085 efficiebat.

201 1106 322 1170 XVIII.
344 1105 500 1169 Hannibal
540 1128 634 1189 quum
665 1106 734 1189 jam
765 1108 837 1191 inde
877 1110 959 1171 haud
984 1110 1088 1192 procul
1109 1116 1341 1188 essenorum

147 1191 293 1257 ‘tholos
307 1214 378 1255 cum
393 1193 546 1277 prefecto,
562 1194 685 1256 nomine
710 1192 820 1272 Isalca,
836 1196 1012 1277 praemittit:
1040 1217 1076 1257 ac
1092 1198 1201 1279 primo,
1215 1190 1332 1239 Hannibal

146 1281 181 1341 si
222 1280 276 1342 bat
312 1280 465 1360 conloquii
500 1281 601 1363 copia,
630 1281 730 1343 verbis
764 1281 903 1363 benignis
934 1282 974 1343 ad
1000 1293 1104 1363 portas
1127 1302 1201 1363 ape·
1213 1256 1337 1322 obpugnet.

151 1365 280 1429 tiendus
312 1366 542 1448 praesidiumque
572 1366 783 1448 accipiendum
806 1368 951 1450 perlicere
972 1366 1082 1449 jubet:
1113 1370 1139 1429 ei
1169 1368 1201 1431 In

151 1452 330 1533 pertinacia
345 1463 491 1534 perstent,
506 1472 570 1513 rem
594 1472 699 1533 gerere
713 1474 750 1514 ac
776 1464 905 1531 tentare,
920 1455 945 1515 si
969 1475 1029 1535 qus
1043 1467 1130 1537 parte
1152 1455 1201 1515 in·

149 1538 269 1601 vadere
294 1539 399 1599 urbem
428 1538 535 1619 possit.
579 1534 643 1599 Ubi
671 1539 713 1599 ad
734 1540 849 1601 muenia
877 1560 1042 1618 accessere,
1064 1540 1137 1621 quia
1158 1541 1200 1601 si-

146 1623 286 1689 lentium
308 1634 385 1700 eret,
418 1623 552 1685 solitudo
571 1624 656 1700 visa3
690 1636 832 1705 metuque
855 1646 1032 1687 concessum
1057 1627 1201 1689 bmbarrrs

153 1720 257 1785 ratus,
279 1709 380 1769 moliri
409 1719 514 1790 portas
528 1718 561 1770 et
574 1709 709 1770 claustra
728 1710 892 1791 refringere
903 1722 1001 1792 parat.
1024 1733 1127 1793 quum,
1144 1733 1201 1793 pu·

153 1792 285 1857 tefactis
309 1804 436 1875 repente
465 1795 572 1875 portis,
596 1794 739 1856 cobortes
765 1794 842 1873 duae,
866 1796 939 1857 ⁸⁸ad
952 1795 1005 1858 idq
1031 1798 1130 1877 ipsum
1153 1798 1203 1859 in·

150 1889 281 1943 structor
303 1880 394 1957 iabus,
423 1879 542 1962 ingenti
567 1898 636 1943 cum
662 1881 796 1943 tumultu
815 1893 988 1963 erumpunt,
1009 1893 1203 1964 stragemque

153 1966 294 2029 hostiurn
309 1965 435 2029 faciunt.
470 1966 520 2027 Ita
534 1966 639 2048 primis
654 1966 791 2050 repulsis,
802 1965 975 2044 Maharbal,
997 1988 1067 2029 cum
1087 1964 1203 2047 maiora

154 2054 270 2117 robore
292 2053 423 2115 virorum
459 2053 579 2130 missus,
615 2074 673 2115 nec
708 2053 774 2135 ipse
807 2053 998 2135 eruptionem
1029 2053 1203 2115 cohortium

154 2139 313 2201 sustinuit.
350 2150 505 2221 postremo
544 2137 712 2217 Hannibal,
742 2140 850 2200 castris
887 2152 978 2201 ante·
996 2140 1065 2221 ipsa
1091 2138 1204 2201 moenia

153 2225 318 2307 obpositis,
340 2246 463 2308 parvam
485 2226 591 2286 urbem
621 2245 807 2308 parvumque
838 2224 1010 2308 praesidium
1034 2245 1154 2287 summa
1174 2225 1205 2287 ri

154 2322 254 2392 atque
278 2312 418 2373 omnibus
430 2311 531 2393 copiis
544 2312 721 2393 obpugnare
743 2321 844 2392 parat.
871 2330 919 2388 ac,
943 2311 1015 2373 dum
1039 2311 1134 2373 instat
1156 2310 1202 2371 la·

153 2398 322 2477 cessitque,
353 2418 468 2459 corona
496 2397 629 2480 undique
664 2397 858 2459 circumdatis
894 2398 1055 2476 moenibus,
1088 2397 1205 2481 aliquot

54 2528 59 2536 .
157 2483 273 2546 milites
307 2495 340 2545 et
371 2483 609 2567 promtissimam
639 2503 800 2565 quemque,
834 2505 850 2543 c
887 2503 974 2545 muro
1012 2484 1204 2565 turribusque

156 2568 249 2648 ictos,
263 2570 377 2632 amisit.
419 2566 522 2632 Semel
536 2570 649 2634 ⁸⁹ultro
673 2578 867 2652 erumpentes
882 2570 1003 2652 agmine
1020 2570 1203 2653 elephanto·

159 2677 227 2718 rum
240 2657 383 2738 obposito
402 2678 499 2740 prope
512 2657 693 2733 interclusit,
717 2657 913 2739 trepidosque
928 2657 1075 2739 compulit
1098 2657 1130 2718 in
1152 2677 1204 2718 ur-

159 2741 243 2820 bem,
258 2744 332 2805 satis
353 2743 469 2820 multis,
491 2756 526 2805 ut
545 2764 585 2804 ex
606 2755 695 2806 tanta
720 2742 886 2824 paucitate,
908 2743 1083 2806 interfectis.
1102 2743 1204 2824 plures

158 2828 351 2906 cecidissent,
378 2830 411 2890 ni
451 2850 515 2892 nox
538 2829 645 2911 proelio
667 2829 887 2890 intervenisset.
910 2827 1035 2892 Postero
1061 2828 1110 2892 die
1135 2849 1204 2890 om·

156 2913 243 2978 uirum
272 2915 367 2978 animi
389 2916 429 2977 ad
462 2914 702 2998 obpugnandum
732 2913 956 2992 accenduntur3
981 2915 1086 2996 utique
1118 2924 1206 2996 poet·

156 3020 250 3081 quam
280 3021 396 3063 corona
423 3022 516 3064 aurea
540 3000 664 3062 muralis
678 3000 838 3082 proposita
856 3010 913 3078 est,
941 3012 1033 3081 atque
1060 3002 1124 3083 ipse
1139 3000 1204 3062 dux

158 3085 288 3163 castelli,
313 3086 407 3167 plano
430 3085 499 3146 loco
522 3086 626 3166 positi,
647 3105 772 3166 segnem
784 3084 1044 3166 obpugnatIonem
1074 3083 1205 3165 Ssgrmti

156 3171 416 3252 expugnatoribus
445 3171 660 3252 exprobrabat,
696 3168 872 3231 Cannarum
900 3167 1132 3250 Trasimeniquc
1172 3180 1206 3232 et

156 3253 280 3320 'l'rebiae
297 3255 432 3338 singulos
442 3256 609 3318 admonens
620 3255 844 3336 universosque.
886 3251 963 3316 Inde
978 3253 1073 3314 vinee
1085 3273 1207 3334 quoque

159 3341 591 3507 rur
624 3341 759 3490 :ur

157 3514 333 3598 pugnacula
357 3515 499 3578 adversus
533 3515 637 3576 vineas
672 3525 818 3592 statuere,
844 3513 1019 3576 trurrsversis
1058 3512 1205 3574 cuniculis

159 3601 293 3664 hostium
341 3601 498 3664 cuniculos
540 3601 692 3684 excipere,
721 3612 753 3664 et
787 3599 891 3681 palam
924 3609 956 3662 et
987 3599 1067 3662 clam
1096 3597 1205 3682 coeptis

157 3687 281 3750 obviarn
303 3687 372 3766 ire;
397 3687 498 3750 donec
530 3687 628 3770 pudor
659 3687 754 3750 etiarn
785 3683 991 3750 Hannibalem
1020 3686 1058 3748 ab
1080 3685 1205 3767 incepto
1220 3691 1367 3772 Hmuituttr

157 3775 289 3838 auertite
315 3775 482 3856 castrisque
519 3775 728 3848 communitis,
750 3794 788 3835 ac
807 3773 947 3855 praesidio
968 3771 1091 3844 modim
1114 3773 1205 3852 inpo-
1219 3757 1359 3837 qmm

82 3921 91 3942 ,
158 3860 230 3940 sito,
250 3881 292 3923 ne
313 3861 427 3924 omissa
448 3882 496 3923 res
518 3860 681 3940 videretur,
703 3861 735 3921 in
750 3860 879 3922 hiberna
893 3857 1031 3942 Capuam
1047 3823 1324 3919 concesium

264 3991 268 3998 ’
351 4025 559 4090 νμωιεεοιω
835 4022 1014 4072 quaeram

190 4153 670 4220 “asumuntur-etta.
731 4148 1211 4210 ”Autuisnlhnutmdsuret-St

156 4218 668 4283 &emolumentorum
697 4214 912 4277 ahma]
941 4215 1211 4276 Planasiam

157 4284 668 4348 mhsffluubmibusstqubw
700 4280 1213 4342 Gumvbteguezemsuutbmm

156 4349 342 4400 hemaii.
697 4345 1035 4398 mediclinium.
1077 4344 1214 4410 Prope*

190 4407 669 4478 ⁰⁸Ultruenepurtes10uurnetin
698 4411 811 4464 ealon..

153 4477 603 4547 ubenniemnpeesatmm.
