3092 5200
189 573 192 580 ’
252 763 255 772 ,
326 624 400 767 ,u
439 618 611 728 mvn
663 614 1007 729 PATAvrnr

433 884 685 962 --ῑιΙΒΕΙὶι
722 883 872 960 XXIX.

555 1125 785 1144 ω

197 1317 341 1400 sutrio,
363 1333 527 1406 postquam
548 1322 580 1386 in
602 1319 738 1386 Siciliam
759 1321 854 1400 venit,
879 1319 1067 1384 voluntarios
1081 1319 1195 1384 nrilites
1207 1332 1347 1386 itemst.

153 1406 304 1472 ordinavit
317 1411 577 1494 centurisvitque:
604 1430 643 1472 ex
667 1410 704 1472 iis
730 1419 883 1472 trecentos
900 1407 1037 1491 juvenes,
1054 1407 1194 1472 florentes
1206 1399 1342 1452 ΝΜ·

153 1505 243 1559 etate
258 1506 291 1558 et
304 1496 410 1558 virium
427 1497 545 1576 robore,
560 1496 690 1558 inermes
704 1496 786 1559 circa
799 1517 833 1558 se
847 1495 991 1574 babebat,
1005 1496 1194 1578 ignorantes,
1339 1497 1345 1506 '

155 1599 245 1662 quem
260 1581 302 1644 ad
315 1602 414 1662 usum,
434 1603 533 1666 neque
551 1583 726 1661 centuriati,
743 1602 841 1666 neque
855 1584 975 1662 murati,
996 1593 1194 1648 servarentur.

154 1663 236 1728 Tum
251 1689 290 1732 ex
304 1670 398 1733 totius
416 1667 528 1734 Siciliae
543 1668 698 1753 juniomun
719 1689 846 1732 numero
869 1669 1021 1752 principes
1039 1689 1149 1751 genere
1164 1683 1196 1733 et

156 1750 279 1817 fortuna
293 1765 445 1819 trecentos
459 1757 588 1838 equites,
611 1755 661 1838 qui
681 1775 784 1817 securn
804 1756 837 1816 in
858 1754 994 1817 Africam
1008 1755 1195 1837 trajicerent,
1205 1771 1326 1826 'sesemen

157 1838 232 1920 legit
244 1863 253 1902 r
277 1841 416 1925 diemque
431 1843 478 1923 iis,
493 1862 552 1924 qua
566 1841 651 1926 equis
665 1842 817 1924 armisque
830 1841 969 1904 instnrcti
990 1853 1081 1924 etque
1096 1843 1194 1924 ornati
1206 1839 1321 1916 equata

157 1925 308 2008 adessent,
322 1929 429 1996 edixit.
473 1926 578 1992 Gravis
600 1949 638 1991 ea
652 1928 775 2008 militia,
795 1928 901 2011 procul
916 1928 1020 2008 domo,
1035 1941 1116 1992 terra
1129 1951 1194 1992 ma-
1206 1903 1346 2016 ffi'ffi‘ss

141 2013 242 2094 rique
265 2015 376 2078 multos
401 2017 530 2095 labores,
559 2035 671 2098 magna
693 2015 829 2100 pericula
854 2013 994 2078 adlatura
1017 1984 1335 2095 utebaturmiii

126 2170 128 2174 ¹
157 2119 254 2181 neque
269 2102 351 2185 ipsos
364 2103 469 2183 modo,
493 2102 547 2165 sed
562 2111 704 2186 parentes
719 2107 925 2185 cognatosque
947 2121 1054 2180 eorum
1071 2123 1109 2164 ea
1124 2123 1198 2167 eura
1208 2099 1264 2151 ¹¹⁸¹·

158 2188 299 2267 angebat.
343 2186 406 2252 Ubi
421 2191 496 2268 dies,
512 2209 579 2272 quas
594 2189 678 2252 dicta
688 2201 765 2268 crat,
786 2189 922 2266 advenit,
943 2208 1029 2251 arma
1042 2209 1196 2272 equosque

118 2353 121 2359 1
158 2274 366 2340 ostenderunt.
386 2286 451 2340 tum
466 2274 583 2359 Scipio,
604 2275 798 2339 ‘renunciari
813 2273 892 2352 sibi‚'
913 2275 1002 2355 dixit,
1027 2275 1197 2358 ‘quosdam

159 2358 170 2392 ‘
185 2361 303 2441 equites
314 2359 496 2443 Siculorum,
512 2373 669 2444 ternquanr
683 2381 807 2444 gravem
817 2373 850 2424 et
864 2360 982 2441 durem,
996 2362 1119 2426 horrere
1128 2384 1197 2427 eam
1290 2418 1294 2426 .

159 2445 170 2477 ‘
184 2447 336 2511 militiam.
346 2485 349 2494 ·
359 2446 392 2511 Si
404 2451 455 2532 qui
467 2451 512 2512 ita
524 2447 652 2513 animati
660 2459 772 2527 essent,
789 2451 798 2486 ¹
810 2448 901 2511 malle
915 2469 969 2510 cos
984 2449 1041 2510 sibi
1053 2447 1119 2530 jam
1130 2460 1196 2513 tunr

118 2584 123 2592 .
158 2531 379 2617 ‘lateriquam
389 2535 550 2621 postmodo
559 2544 729 2618 querentes,
738 2555 845 2618 segnes
854 2535 1075 2618 atqueinutiles
1084 2536 1197 2600 milites

158 2618 355 2704 ‘reipublice
370 2645 448 2687 esse.
490 2621 723 2708 Expromerent,
743 2622 818 2705 quid
838 2622 1006 2687 sentirent:
1029 2644 1099 2686 cum
1115 2624 1197 2687 bona

123 2716 126 2729 '
157 2706 272 2771 ‘venia
286 2730 318 2773 se
333 2708 528 2774 auditurum!
573 2706 636 2773 Ubi
651 2731 690 2773 ex
704 2709 751 2773 lris
762 2730 839 2772 unus
854 2730 944 2772 ausus
956 2720 1004 2773 cst
1018 2709 1129 2789 dicere,
1143 2712 1196 2773 ‘se

159 2792 315 2878 ‘prorsus,
338 2797 363 2858 si
387 2797 440 2876 ibi,
465 2810 567 2861 utrum
581 2796 666 2873 velit,
687 2795 816 2859 liberum
830 2808 920 2876 esset,
942 2796 1023 2861 mlle
1033 2796 1164 2859 militare
1173 2795 1196 2875 ς’

160 2878 171 2910 ‘
186 2885 270 2944 ’tum
276 2879 424 2965 Scipioei,
435 2882 602 2953 ‘Quoniam
612 2882 714 2964 igitur,
720 2881 1198 2963 adolescens,quidsentires‚non

159 2964 171 2998 ‘
186 2966 392 3046 dissimulasti,
405 2968 550 3031 vicanum
564 2968 620 3031 tibi
635 2967 806 3051 expediam,
820 2968 869 3030 cui
882 2980 919 3030 tu
931 2988 1017 3030 arma
1027 2988 1198 3051 equumque

160 3050 218 3115 ‘ct
232 3063 335 3117 cetera
344 3055 546 3118 inetmmenta
555 3053 792 3132 militiatradas,
807 3064 839 3115 et
848 3064 950 3117 tecum
960 3054 1032 3118 hine
1044 3054 1199 3136 extemplo

160 3137 310 3203 ‘domurn
339 3140 444 3221 ducas,
477 3160 631 3219 exerceas,
662 3139 835 3206 docendum
868 3160 953 3205 cures
982 3160 1061 3222 equo
1091 3140 1197 3203 muris·

161 3224 172 3259 ‘
186 3224 266 3309 que.’
306 3225 387 3291 leto
401 3227 607 3292 conditionem
619 3225 782 3310 accipienti
794 3246 888 3291 unum
899 3246 938 3289 ex
952 3226 1107 3305 trecentis,
1122 3246 1198 3309 quos

159 3312 289 3376 inermes
304 3314 447 3394 babebat,
462 3314 586 3379 tradit,-
610 3312 673 3375 Ubi
689 3314 747 3376 boc
762 3312 856 3375 modo
870 3323 1099 3377 exauctoratum
1111 3313 1198 3397 equi-

161 3410 225 3462 tem
245 3403 339 3463 ⁸cum
351 3402 453 3483 gratia
466 3400 655 3485 imperatoris
670 3400 763 3463 ceteri
782 3398 932 3479 videnrnt,
955 3420 988 3461 se
1002 3399 1128 3481 quisque
1142 3420 1198 3461 ex·

161 3507 277 3566 cesare,
302 3498 334 3551 et
346 3488 490 3551 vicariurn
510 3488 657 3572 accipere.
700 3485 750 3550 lta
772 3488 914 3550 trecentis
936 3482 1045 3551 Siculis
1065 3483 1197 3549 Romani

161 3574 277 3655 equites
291 3574 457 3655 substituti,
476 3573 542 3639 siue
555 3574 678 3659 publiea
696 3574 833 3657 inpensa.
874 3571 1091 3637 Docendorum
1104 3584 1198 3654 atque

160 3660 397 3725 exercendomm
417 3682 519 3727 curam
541 3660 635 3725 Siculi
651 3661 839 3723 habuerunt:
862 3659 936 3742 quia
951 3658 1084 3722 edictum
1099 3660 1197 3742 impe·

100 3780 104 3787 -
161 3748 268 3811 ratoris
282 3761 359 3829 erat,
380 3750 479 3833 ipsum
493 3748 703 3827 militaturum,
725 3747 838 3830 quiite
851 3766 913 3809 non
927 3744 1060 3819 fecisset.
1101 3744 1199 3828 ligre·

161 3834 243 3916 gium
262 3834 341 3897 hanc
367 3836 448 3899 alam
468 3836 604 3918 equiturn
625 3834 753 3897 evasisse
769 3833 881 3913 fcnrnt,
905 3832 1070 3915 multisque
1084 3830 1199 3917 praeliis

161 3921 379 4005 rempublicam
407 3922 567 4005 adjuvisse.
625 3919 776 4005 Legiones
804 3920 876 3984 inde
902 3939 996 4002 quum
1024 3916 1198 4003 inspiceret,
1212 3938 1326 3988 Plotae·

162 4006 358 4089 plurimorum
384 4010 603 4092 stipendiorum
633 4030 672 4071 ex
698 4008 734 4070 iis
764 4006 876 4070 milites
899 4006 1035 4089 delegita
1065 4004 1358 4084 maximerpufflrep·

163 4094 214 4176 qui
228 4094 284 4159 sub
299 4095 376 4159 duee
390 4093 540 4159 Marcello
555 4095 779 4159 militaverant:
803 4114 879 4177 quos
894 4114 988 4175 quum
1003 4092 1123 4175 optima
1136 4091 1198 4153 dis-
1211 4072 1356 4198 {ww

197 4278 206 4312 ¹
224 4278 295 4329 Malle
306 4296 339 4328 eor
353 4281 452 4344 sibijuste
467 4278 605 4346 transmari]
620 4278 666 4329 Pro
697 4278 750 4329 Por.
762 4276 885 4329 etVictor.
896 4276 1081 4355 &habebunt
1098 4286 1129 4326 et.
1160 4274 1201 4324 Li·
1212 4202 1296 4267 ὂψ.

162 4342 202 4391 siba·
213 4342 377 4407 Poterregius
386 4347 473 4397 selba
482 4346 596 4395 babentn'
602 4360 612 4403 ,·
627 4346 682 4393 alii·
696 4346 779 4394 beuter
788 4343 995 4409 totumillod,rire
1004 4351 1035 4403 st,
1044 4345 1129 4403 urcei,
1137 4356 1201 4391 rere-

162 4407 282 4487 rfripti.re.
313 4410 380 4459 Nrbll
393 4423 428 4461 est
447 4409 668 4485 eurvulgstamleo
696 4411 742 4460 cari
751 4422 893 4475 pateremur.
920 4474 926 4485 Ι
963 4474 969 4487 η
1077 4473 1082 4485 ¹

79 4543 85 4556 '
161 4486 415 4609 ‘warwic-widi
429 4540 473 4593 Pro
489 4542 570 4594 ultime
586 4492 669 4594 rocula¹
696 4470 1156 4672 abdildmblgaeiffioemibmedei?
1173 4482 1201 4521 m

203 4628 276 4675 vot.
299 4628 335 4677 rr.
748 4629 771 4674 x
