3092 5200
350 352 428 411 sao
650 429 656 441 ι
731 346 849 409 urst
869 348 969 410 alvu

179 521 215 572 tr.
226 522 255 573 c.
266 520 323 573 5³6.
348 506 395 571 lbi
410 518 530 589 partem
551 505 699 589 majorem
721 506 830 569 hiemis
844 508 1012 573 exereitum
1027 508 1059 573 in
1083 509 1172 573 tectis
1191 498 1310 589 babuit,
1334 510 1389 575 ad·

180 586 322 637 *⁰²²ss
345 613 449 657 versus
476 594 582 658 omnia
607 595 741 656 humum
753 593 837 657 mala
860 614 939 677 saepe
963 612 999 657 ac
1022 596 1076 659 diu
1101 596 1270 675 duremur,
1302 598 1389 661 bonis

346 680 541 765 inexpertum
558 693 650 761 atque
672 680 836 743 insuetum.
872 660 986 762 iisque,
1007 700 1082 764 quos
1103 682 1188 745 nulla
1213 684 1287 747 mali
1307 684 1388 747 vice·

347 778 396 829 rat
416 767 472 845 vis,
494 765 652 849 perdidere
673 766 769 827 nimia
784 766 865 829 bona
880 787 917 828 ac
931 766 1101 851 voluptates
1116 769 1277 833 inmodica
1286 792 1297 848 ς
1324 772 1390 833 ⁰¹et

345 873 385 915 eo
400 853 563 936 inpensius,
588 872 650 933 quo
664 853 781 915 avidius
807 872 846 915 cx
871 853 1032 915 insolentia
1042 854 1073 916 in
1088 874 1140 917 eas
1154 876 1188 917 se
1213 867 1389 919 mesenae

179 932 321 1000 camap-
344 937 479 1001 Somnus
508 940 601 1016 enim,
623 951 656 1001 et
677 939 792 1016 vinum,
813 949 847 1001 et
874 939 981 1021 epulo,
1004 948 1037 1001 et
1057 950 1169 1019 scorta,
1199 942 1389 1022 balineaque,

178 1010 220 1048 tur
227 998 273 1048 illic
284 1000 336 1064 eju

179 1075 302 1115 mittim-
358 1107 364 1119 ,-

345 1037 380 1089 et
401 1026 511 1103 otium,
543 1024 764 1087 consuetudine
785 1024 905 1089 indies
933 1026 1082 1105 blandius,
1106 1026 1150 1089 ita
1176 1038 1391 1091 enervaverunt

346 1132 475 1194 corpora
505 1112 694 1190 animosque,
722 1120 758 1173 ut
789 1112 886 1193 magis
918 1111 1029 1175 deinde
1070 1113 1227 1196 praeteritae
1255 1114 1389 1177 victoriae

345 1209 426 1276 eos·,
441 1217 533 1277 quam
555 1208 716 1279 praesentes
735 1207 906 1261 tutarentur
920 1198 1017 1275 vires3
1045 1197 1201 1281 majusque
1223 1199 1255 1261 id
1277 1220 1387 1283 pecea-

209 1270 215 1284 '
265 1293 268 1298 '
345 1297 411 1346 tum
436 1283 521 1345 ducis
544 1283 626 1365 apud
645 1284 759 1365 peritos
776 1284 885 1347 artium
900 1284 1076 1347 militarium
1099 1286 1272 1363 haberetur,
1297 1306 1387 1367 quam

233 1414 234 1417 ,
344 1369 428 1450 quod
453 1388 516 1430 non
539 1390 579 1431 err
594 1366 746 1431 Cannensi
770 1370 836 1431 acie
860 1370 996 1452 protinus
1023 1370 1064 1433 ad
1082 1372 1188 1433 urbem
1216 1370 1387 1435 Romanam

345 1456 490 1517 duxisset.
512 1454 565 1517 illa
587 1456 669 1517 enim
696 1448 853 1519 dunctatio
872 1456 1027 1518 distulisse
1049 1456 1141 1519 modo
1155 1458 1314 1525 victoriam
1340 1458 1385 1518 vi·

346 1541 410 1604 deri
434 1542 555 1623 potuit;
583 1542 633 1603 hic
659 1562 742 1603 error
756 1542 832 1603 vires
857 1542 1005 1604 ademisse
1032 1543 1071 1604 ad
1086 1542 1279 1605 vincendum
1322 1541 1386 1605 Ita·

344 1648 415 1709 que,
440 1626 584 1705 Hercule,
606 1627 689 1689 velut
724 1628 842 1689 sicum
864 1628 925 1690 ulio
952 1630 1088 1691 exercitu
1111 1648 1131 1691 a
1155 1628 1262 1712 Capua
1281 1629 1388 1708 exiret,

343 1713 419 1775 nibil
444 1733 572 1794 usquam
585 1713 728 1794 ,pristinae
754 1712 922 1795 discipline
951 1716 1059 1779 tenuit.
1077 1732 1150 1777 nam
1176 1726 1209 1777 et
1234 1715 1386 1777 redierunt

342 1799 479 1881 plerique
502 1800 608 1862 scortis
623 1798 775 1882 inpliciti:
802 1812 844 1877 et,
874 1802 925 1862 ubi
941 1802 1075 1881 primum
1099 1800 1154 1863 sub
1173 1801 1303 1887 pellibus
1328 1802 1385 1865 ha·

342 1884 406 1947 beri
420 1886 515 1967 coepti
531 1896 613 1963 sunt,
627 1886 736 1967 viaque
760 1897 793 1948 et
807 1886 883 1947 alius
908 1886 1049 1949 militaris
1072 1888 1158 1949 labor
1182 1888 1315 1969 excepit,
1344 1888 1384 1950 ti-

341 1992 449 2033 ronum
475 1971 568 2033 modo
597 1972 772 2053 corporibus
792 1972 960 2054 animisque
985 1974 1188 2039 deficiebant:
1217 1984 1248 2035 et
1274 1972 1383 2037 deinde

340 2077 396 2140 per
419 2077 510 2118 omne
524 2057 693 2121 activorum
709 2068 829 2141 tempus
858 2079 971 2141 magna
994 2081 1063 2141 pars
1079 2060 1143 2121 aine
1158 2060 1382 2122 commeatibus

342 2145 382 2204 ab
405 2143 499 2223 signis
529 2140 759 2205 dilabebantur:
790 2164 888 2226 neque
911 2145 977 2207 aliae
998 2146 1128 2223 latebre,
1150 2164 1241 2227 quam
1265 2144 1384 2228 Capua,

281 2272 289 2283 .
342 2228 546 2290 desertoribus
566 2241 664 2291 erant.
1123 2270 1128 2277 ·

384 2312 471 2377 XIX.
495 2312 650 2390 Ceterum,
667 2316 861 2379 mitescente
874 2316 939 2398 jam
966 2316 1077 2396 hieme,
1103 2319 1216 2381 educto
1230 2338 1268 2379 ex
1283 2318 1385 2381 hiber-

341 2398 388 2459 nis
411 2400 520 2477 milite,
547 2399 712 2463 Casilinum
738 2403 829 2464 redit.
867 2404 929 2481 ubi,
962 2422 1145 2486 qrramquam
1179 2407 1219 2467 ab
1246 2406 1386 2487 obpugn-

342 2486 425 2547 tione
450 2499 600 2549 cessatum
623 2496 698 2564 erat,
720 2488 840 2553 obsidio
869 2500 973 2551 tamen
1006 2490 1184 2570 corstinuata
1212 2491 1381 2572 oppidanos
1440 2550 1445 2557 .

343 2571 573 2656 praesidiumque
600 2574 639 2636 ad
666 2574 806 2639 ultimum
834 2575 941 2658 inopiae
966 2570 1144 2660 adduxerat.
1187 2576 1302 2640 Castris
1318 2575 1381 2640 Ro-

340 2659 440 2720 manis
465 2658 515 2721 Ti.
542 2657 739 2744 Sempronius
765 2673 903 2744 praeerat,
929 2663 1079 2727 dictatore
1103 2665 1304 2748 auspiciorum
1333 2684 1382 2724 re·

340 2745 543 2826 petendorum
572 2767 679 2809 caussa
700 2747 837 2829 proiecto
867 2747 1008 2811 Romam.
1057 2749 1249 2828 Marcellum,
1274 2762 1306 2812 et
1335 2751 1383 2832 ip·
1432 2801 1438 2820 ,

341 2851 408 2891 sum
437 2832 612 2913 cupientem
630 2833 706 2896 ferre
730 2834 876 2896 seruilium
892 2836 1033 2914 obsessis,
1057 2847 1090 2900 et
1104 2835 1268 2898 Vulturnus
1285 2835 1382 2898 amnis

339 2915 464 2980 inflatus
479 2919 576 2999 aquis,
598 2930 631 2982 et
656 2923 796 3002 ”preces
814 2918 1004 2992 Nolanorum
1029 2936 1121 3004 atque
1150 2923 1397 3005 Acerranorum,

341 3003 499 3081 tenebant,
533 3003 707 3087 Campanos
733 3007 918 3084 timentium,
952 3009 977 3068 si
1014 3009 1185 3091 praesidium
1210 3008 1383 3072 Romanum

340 3089 548 3153 abscessisset.
570 3079 737 3169 Gracchus,
760 3093 901 3155 adsidens
917 3106 1036 3158 tantum
1051 3094 1197 3176 Casilino,
1223 3096 1295 3176 quia
1308 3116 1383 3178 pra·

341 3173 456 3237 dictum
496 3188 561 3239 erat
583 3178 751 3258 dictatoris,
788 3199 826 3240 ne
864 3179 937 3262 qnid
974 3181 1098 3244 absente
1128 3203 1166 3244 eo
1191 3183 1233 3244 rei
1255 3193 1383 3263 gereret,

339 3261 415 3322 nihil
442 3265 602 3325 movebat:
629 3285 826 3346 quamquam,
850 3283 916 3346 quae
938 3265 1026 3328 facile
1048 3288 1171 3330 omnem
1201 3268 1382 3350 patientiam

338 3347 504 3427 vincerent,
535 3350 756 3428 nunciabantur
780 3373 799 3412 a
832 3349 979 3414 Casilino.
1016 3373 1088 3414 nam
1115 3365 1156 3432 et,
1179 3354 1381 3436 precipitasse
1427 3395 1430 3404 ,

338 3453 371 3494 se
385 3435 534 3514 quosdam
557 3456 619 3497 non
635 3437 798 3498 tolerantes
814 3437 938 3515 famem,
964 3441 1146 3517 constabat3
1171 3451 1203 3500 et
1232 3451 1313 3500 stare
1334 3440 1382 3499 in-

338 3539 435 3580 ermes
462 3520 494 3580 in
519 3522 622 3599 muris,
644 3523 728 3584 nuda
752 3544 883 3606 corpora
908 3525 947 3586 ad
969 3525 1128 3586 missilium
1152 3525 1281 3588 telorum
1304 3526 1382 3586 ictus

244 3685 249 3693 ἢ
338 3604 517 3684 prebentes.
553 3604 601 3667 Ea
619 3628 698 3688 agre
718 3609 841 3691 patiens
865 3607 1032 3689 Gracchus,
1059 3631 1153 3692 quum
1179 3631 1278 3692 neque
1303 3631 1381 3694 pug-

336 3708 409 3751 nam
434 3709 592 3754 conserere
622 3694 782 3774 dictatoris
807 3695 921 3778 injussu
937 3698 1074 3776 auderet,
1103 3695 1314 3780 (pugnandum
1329 3717 1384 3758 au·

184 3785 188 3792 '
220 3845 227 3856 ,
337 3788 400 3838 tem
422 3797 500 3857 esoe,
521 3779 548 3840 si
584 3779 684 3862 palam
709 3780 897 3849 frumentum
920 3785 1097 3866 importaret,
1119 3783 1255 3864 videbat)
1284 3803 1381 3864 nequo

432 3949 442 3980 ⁸
457 3945 573 3996 durantem
584 3945 657 3998 Gran.
669 3948 738 3998 Creu.
748 3947 809 4013 Rup.
956 3957 1007 3998 'aar
1017 3949 1111 3997 uictoria
1122 3948 1195 3998 Gron.
1208 3947 1278 3998 Creu.

365 4084 387 4121 ⁹¹
405 4083 420 4112 ‘
437 4083 637 4151 mammas]
657 4089 689 4137 Er
700 4088 792 4152 quidem
803 4089 843 4136 de·
875 4103 896 4137 c.
921 4089 957 4137 17.
1000 4090 1078 4144 Livius
1098 4091 1233 4138 memorarit
1257 4088 1386 4137 Atemnos

333 4145 393 4196 licia
417 4165 446 4198 eo
462 4151 590 4216 ,impensius
611 4155 729 4217 perdidere
749 4153 843 4216 Poenor,
874 4153 956 4216 panim
975 4154 1097 4216 diffugisse,
1118 4156 1197 4202 urbem
1218 4152 1327 4215 direptam
1347 4165 1384 4202 rt·

334 4225 365 4259 eo
382 4217 482 4274 puriore
501 4219 574 4266 exitio
592 4231 697 4268 evertere
719 4219 843 4266 Poenorum
875 4235 920 4280 que
941 4218 1058 4268 incensam
1079 4220 1157 4268 fuisse.
1199 4219 1279 4280 ltaque
1301 4219 1385 4266 aierit·

335 4276 403 4334 vitet,
419 4295 464 4341 quo
477 4283 563 4330 addim
577 4283 602 4331 in
619 4301 658 4333 ear
670 4301 694 4334 se
711 4295 845 4341 merserant,
876 4283 1004 4338 Gronovius
1021 4287 1059 4334 bic
1076 4285 1199 4347 legandum
1214 4294 1280 4348 putat
1295 4283 1385 4330 Auella-

325 4354 455 4416 Ῥωμαῖοι
465 4349 526 4409 quod
542 4347 653 4398 metecus
671 4361 737 4399 erant
753 4349 843 4396 illarum
875 4364 961 4404 nonam,
976 4351 1175 4410 quaesivissem
1187 4349 1317 4414 Campania
1329 4347 1384 4398 rici-

337 4409 430 4456 nuueri.
874 4412 1026 4482 nqcasilino.

367 4470 390 4508 ⁹²
416 4471 730 4542 medemnas]
764 4479 845 4544 Supra,
937 4509 941 4518 ·
