<?xml version="1.0" encoding="UTF-8"?>
<!DOCTYPE html PUBLIC "-//W3C//DTD XHTML 1.0 Transitional//EN"
    "http://www.w3.org/TR/xhtml1/DTD/xhtml1-transitional.dtd">
<html xmlns="http://www.w3.org/1999/xhtml" xml:lang="en" lang="en">
 <head>
  <title>
</title>
<meta http-equiv="Content-Type" content="text/html;charset=utf-8" />
  <meta name='ocr-system' content='tesseract 3.04.00' />
  <meta name='ocr-capabilities' content='ocr_page ocr_carea ocr_par ocr_line ocrx_word'/>
</head>
<body>
  <div class='ocr_page' id='page_1' title='image "./tliviipatavinih01grongoog_0234.png"; bbox 0 0 3092 5200; ppageno 0'>
   <div class='ocr_carea' id='block_1_1' title="bbox 330 353 914 415">
    <p class='ocr_par' dir='ltr' id='par_1_1' title="bbox 330 353 914 415">
     <span class='ocr_line' id='line_1_1' title="bbox 330 353 914 415; baseline 0.002 -3"><span class='ocrx_word' id='word_1_1' title='bbox 330 357 394 412; x_wconf 71' lang='lat'><strong>224</strong></span> <span class='ocrx_word' id='word_1_2' title='bbox 711 353 794 414; x_wconf 80' lang='lat' dir='ltr'><strong>&#39;l&#39;lTI</strong></span> <span class='ocrx_word' id='word_1_3' title='bbox 813 356 914 415; x_wconf 80' lang='lat' dir='ltr'><strong>lelt</strong></span> 
     </span>
    </p>
   </div>
   <div class='ocr_carea' id='block_1_2' title="bbox 163 479 1383 680">
    <p class='ocr_par' dir='ltr' id='par_1_2' title="bbox 163 479 1383 680">
     <span class='ocr_line' id='line_1_2' title="bbox 163 479 1383 598; baseline 0.009 -31"><span class='ocrx_word' id='word_1_4' title='bbox 163 529 197 579; x_wconf 77' lang='lat' dir='ltr'><strong>u,</strong></span> <span class='ocrx_word' id='word_1_5' title='bbox 210 505 318 581; x_wconf 49' lang='lat'><strong>0538(</strong></span> <span class='ocrx_word' id='word_1_6' title='bbox 374 507 490 571; x_wconf 86' lang='lat' dir='ltr'><strong>XXVI.</strong></span> <span class='ocrx_word' id='word_1_7' title='bbox 512 508 665 572; x_wconf 88' lang='lat' dir='ltr'><strong>Heraclea</strong></span> <span class='ocrx_word' id='word_1_8' title='bbox 690 479 842 572; x_wconf 61' lang='lat' dir='ltr'><strong>oraturia</strong></span> <span class='ocrx_word' id='word_1_9' title='bbox 865 509 1019 590; x_wconf 86' lang='lat' dir='ltr'><strong>Hieronis,</strong></span> <span class='ocrx_word' id='word_1_10' title='bbox 1044 517 1123 575; x_wconf 71' lang='lat' dir='ltr'><strong>nior</strong></span> <span class='ocrx_word' id='word_1_11' title='bbox 1146 512 1286 598; x_wconf 81' lang='lat' dir='ltr'><strong>Zoippi3</strong></span> <span class='ocrx_word' id='word_1_12' title='bbox 1318 517 1383 597; x_wconf 91' lang='lat' dir='ltr'><strong>qui,</strong></span> 
     </span>
     <span class='ocr_line' id='line_1_3' title="bbox 163 595 1383 680; baseline 0.009 -27"><span class='ocrx_word' id='word_1_13' title='bbox 163 597 195 646; x_wconf 79' lang='lat' dir='ltr'><strong>A.</strong></span> <span class='ocrx_word' id='word_1_14' title='bbox 203 595 234 646; x_wconf 82' lang='lat'><strong>0·</strong></span> <span class='ocrx_word' id='word_1_15' title='bbox 245 597 302 646; x_wconf 78' lang='lat'><strong>21⁴·</strong></span> <span class='ocrx_word' id='word_1_16' title='bbox 331 595 447 678; x_wconf 79' lang='lat' dir='ltr'><strong>legatus</strong></span> <span class='ocrx_word' id='word_1_17' title='bbox 463 598 502 658; x_wconf 87' lang='lat' dir='ltr'><strong>ab</strong></span> <span class='ocrx_word' id='word_1_18' title='bbox 519 595 709 680; x_wconf 85' lang='lat' dir='ltr'>Hieronymo</span> <span class='ocrx_word' id='word_1_19' title='bbox 723 597 763 658; x_wconf 87' lang='lat' dir='ltr'><strong>ad</strong></span> <span class='ocrx_word' id='word_1_20' title='bbox 786 617 888 680; x_wconf 78' lang='lat' dir='ltr'><strong>regem</strong></span> <span class='ocrx_word' id='word_1_21' title='bbox 913 597 1108 660; x_wconf 80' lang='lat' dir='ltr'><strong>Ptolemaeom</strong></span> <span class='ocrx_word' id='word_1_22' title='bbox 1133 601 1253 677; x_wconf 84' lang='lat' dir='ltr'><strong>missus,</strong></span> <span class='ocrx_word' id='word_1_23' title='bbox 1275 602 1383 664; x_wconf 86' lang='lat' dir='ltr'><strong>volun·</strong></span> 
     </span>
    </p>
   </div>
   <div class='ocr_carea' id='block_1_3' title="bbox 165 947 250 997">
    <p class='ocr_par' dir='ltr' id='par_1_3' title="bbox 165 947 250 997">
     <span class='ocr_line' id='line_1_4' title="bbox 165 947 250 997; baseline -0.012 0"><span class='ocrx_word' id='word_1_24' title='bbox 165 947 250 997; x_wconf 77' lang='lat' dir='ltr'><strong>Preces</strong></span> 
     </span>
    </p>
   </div>
   <div class='ocr_carea' id='block_1_4' title="bbox 331 681 1385 1025">
    <p class='ocr_par' dir='ltr' id='par_1_4' title="bbox 331 681 1385 1025">
     <span class='ocr_line' id='line_1_5' title="bbox 332 681 1385 768; baseline 0.005 -24"><span class='ocrx_word' id='word_1_25' title='bbox 332 684 441 744; x_wconf 88' lang='lat' dir='ltr'><strong>tarium</strong></span> <span class='ocrx_word' id='word_1_26' title='bbox 466 684 655 744; x_wconf 89' lang='lat' dir='ltr'><strong>consciverat</strong></span> <span class='ocrx_word' id='word_1_27' title='bbox 679 681 829 745; x_wconf 81' lang='lat' dir='ltr'><strong>exsilium.</strong></span> <span class='ocrx_word' id='word_1_28' title='bbox 871 687 899 722; x_wconf 76' lang='lat'><strong>⁸⁴</strong></span> <span class='ocrx_word' id='word_1_29' title='bbox 913 681 961 744; x_wconf 89' lang='lat' dir='ltr'><strong>Ea</strong></span> <span class='ocrx_word' id='word_1_30' title='bbox 978 703 1072 767; x_wconf 89' lang='lat' dir='ltr'><strong>quum</strong></span> <span class='ocrx_word' id='word_1_31' title='bbox 1086 685 1176 746; x_wconf 86' lang='lat' dir='ltr'><strong>adse</strong></span> <span class='ocrx_word' id='word_1_32' title='bbox 1191 707 1313 768; x_wconf 90' lang='lat' dir='ltr'><strong>quoque</strong></span> <span class='ocrx_word' id='word_1_33' title='bbox 1327 709 1385 749; x_wconf 86' lang='lat' dir='ltr'><strong>ve·</strong></span> 
     </span>
     <span class='ocr_line' id='line_1_6' title="bbox 331 769 1381 852; baseline 0.007 -23"><span class='ocrx_word' id='word_1_34' title='bbox 331 769 396 831; x_wconf 87' lang='lat' dir='ltr'><strong>nire</strong></span> <span class='ocrx_word' id='word_1_35' title='bbox 411 771 591 851; x_wconf 84' lang='lat' dir='ltr'><strong>praescisset,</strong></span> <span class='ocrx_word' id='word_1_36' title='bbox 603 770 634 830; x_wconf 93' lang='lat' dir='ltr'><strong>in</strong></span> <span class='ocrx_word' id='word_1_37' title='bbox 649 771 812 831; x_wconf 87' lang='lat' dir='ltr'><strong>sacrarium</strong></span> <span class='ocrx_word' id='word_1_38' title='bbox 824 769 864 830; x_wconf 93' lang='lat' dir='ltr'><strong>ad</strong></span> <span class='ocrx_word' id='word_1_39' title='bbox 876 782 1001 850; x_wconf 79' lang='lat' dir='ltr'><strong>penates</strong></span> <span class='ocrx_word' id='word_1_40' title='bbox 1015 771 1165 852; x_wconf 79' lang='lat' dir='ltr'>confugit,</span> <span class='ocrx_word' id='word_1_41' title='bbox 1176 791 1247 834; x_wconf 91' lang='lat' dir='ltr'><strong>cum</strong></span> <span class='ocrx_word' id='word_1_42' title='bbox 1263 774 1381 836; x_wconf 81' lang='lat' dir='ltr'><strong>duabus</strong></span> 
     </span>
     <span class='ocr_line' id='line_1_7' title="bbox 331 854 1384 939; baseline 0.007 -25"><span class='ocrx_word' id='word_1_43' title='bbox 331 854 449 918; x_wconf 87' lang='lat' dir='ltr'><strong>filiabus</strong></span> <span class='ocrx_word' id='word_1_44' title='bbox 477 857 651 938; x_wconf 89' lang='lat' dir='ltr'><strong>virginibus,</strong></span> <span class='ocrx_word' id='word_1_45' title='bbox 674 857 814 917; x_wconf 84' lang='lat' dir='ltr'><strong>resolutis</strong></span> <span class='ocrx_word' id='word_1_46' title='bbox 839 856 980 934; x_wconf 86' lang='lat' dir='ltr'><strong>crinibus,</strong></span> <span class='ocrx_word' id='word_1_47' title='bbox 1005 858 1230 939; x_wconf 81' lang='lat' dir='ltr'><strong>miserabilique</strong></span> <span class='ocrx_word' id='word_1_48' title='bbox 1244 860 1306 920; x_wconf 85' lang='lat' dir='ltr'><strong>alio</strong></span> <span class='ocrx_word' id='word_1_49' title='bbox 1321 860 1384 922; x_wconf 65' lang='lat' dir='ltr'><strong>ha:</strong></span> 
     </span>
     <span class='ocr_line' id='line_1_8' title="bbox 331 941 1383 1025; baseline 0.006 -24"><span class='ocrx_word' id='word_1_50' title='bbox 331 941 415 1003; x_wconf 88' lang='lat' dir='ltr'><strong>bitu:</strong></span> <span class='ocrx_word' id='word_1_51' title='bbox 440 943 524 1004; x_wconf 85' lang='lat' dir='ltr'><strong>etad</strong></span> <span class='ocrx_word' id='word_1_52' title='bbox 539 963 576 1003; x_wconf 85' lang='lat' dir='ltr'><strong>ee</strong></span> <span class='ocrx_word' id='word_1_53' title='bbox 591 941 712 1004; x_wconf 87' lang='lat' dir='ltr'><strong>addidit</strong></span> <span class='ocrx_word' id='word_1_54' title='bbox 724 961 840 1024; x_wconf 84' lang='lat' dir='ltr'><strong>preces,</strong></span> <span class='ocrx_word' id='word_1_55' title='bbox 864 942 916 982; x_wconf 77' lang='lat'><strong>‘⁸⁵</strong></span> <span class='ocrx_word' id='word_1_56' title='bbox 928 962 1010 1004; x_wconf 89' lang='lat' dir='ltr'><strong>nunc</strong></span> <span class='ocrx_word' id='word_1_57' title='bbox 1032 963 1088 1025; x_wconf 86' lang='lat' dir='ltr'><strong>per</strong></span> <span class='ocrx_word' id='word_1_58' title='bbox 1102 946 1283 1006; x_wconf 75' lang='lat' dir='ltr'><strong>memoriam</strong></span> <span class='ocrx_word' id='word_1_59' title='bbox 1299 943 1383 1007; x_wconf 74' lang='lat' dir='ltr'><strong>Hie-⁵</strong></span> 
     </span>
    </p>
   </div>
   <div class='ocr_carea' id='block_1_5' title="bbox 165 1013 1380 1110">
    <p class='ocr_par' dir='ltr' id='par_1_5' title="bbox 165 1013 1380 1110">
     <span class='ocr_line' id='line_1_9' title="bbox 165 1013 1380 1110; baseline 0.006 -22"><span class='ocrx_word' id='word_1_60' title='bbox 165 1013 288 1063; x_wconf 61' lang='lat' dir='ltr'><strong>Hancne</strong></span> <span class='ocrx_word' id='word_1_61' title='bbox 331 1027 438 1089; x_wconf 91' lang='lat' dir='ltr'><strong>‘ronis</strong></span> <span class='ocrx_word' id='word_1_62' title='bbox 466 1029 571 1110; x_wconf 87' lang='lat' dir='ltr'><strong>patris,</strong></span> <span class='ocrx_word' id='word_1_63' title='bbox 604 1027 788 1110; x_wconf 86' lang='lat' dir='ltr'><strong>Gelonisque</strong></span> <span class='ocrx_word' id='word_1_64' title='bbox 817 1026 928 1106; x_wconf 86' lang='lat' dir='ltr'><strong>fratris,</strong></span> <span class='ocrx_word' id='word_1_65' title='bbox 957 1049 997 1090; x_wconf 89' lang='lat' dir='ltr'><strong>ne</strong></span> <span class='ocrx_word' id='word_1_66' title='bbox 1026 1051 1059 1091; x_wconf 88' lang='lat' dir='ltr'><strong>se</strong></span> <span class='ocrx_word' id='word_1_67' title='bbox 1084 1028 1241 1092; x_wconf 73' lang='lat' dir='ltr'><strong>innoxiam</strong></span> <span class='ocrx_word' id='word_1_68' title='bbox 1264 1032 1380 1096; x_wconf 86' lang='lat' dir='ltr'><strong>invidia</strong></span> 
     </span>
    </p>
   </div>
   <div class='ocr_carea' id='block_1_6' title="bbox 164 1077 273 1129">
    <p class='ocr_par' dir='ltr' id='par_1_6' title="bbox 164 1077 273 1129">
     <span class='ocr_line' id='line_1_10' title="bbox 164 1077 273 1129; baseline 0 -2"><span class='ocrx_word' id='word_1_69' title='bbox 164 1079 235 1129; x_wconf 84' lang='lat' dir='ltr'><strong>Hier.</strong></span> <span class='ocrx_word' id='word_1_70' title='bbox 245 1077 273 1127; x_wconf 81' lang='lat' dir='ltr'><strong>F.</strong></span> 
     </span>
    </p>
   </div>
   <div class='ocr_carea' id='block_1_7' title="bbox 323 1113 1378 3271">
    <p class='ocr_par' dir='ltr' id='par_1_7' title="bbox 323 1113 1378 3271">
     <span class='ocr_line' id='line_1_11' title="bbox 330 1113 1378 1199; baseline 0.004 -24"><span class='ocrx_word' id='word_1_71' title='bbox 330 1113 536 1198; x_wconf 86' lang='lat' dir='ltr'><strong>‘Hieronymi</strong></span> <span class='ocrx_word' id='word_1_72' title='bbox 562 1115 749 1194; x_wconf 84' lang='lat' dir='ltr'><strong>conflagrare</strong></span> <span class='ocrx_word' id='word_1_73' title='bbox 776 1115 920 1176; x_wconf 84' lang='lat' dir='ltr'><strong>sinerent.</strong></span> <span class='ocrx_word' id='word_1_74' title='bbox 964 1113 1050 1177; x_wconf 89' lang='lat' dir='ltr'><strong>Nihil</strong></span> <span class='ocrx_word' id='word_1_75' title='bbox 1065 1137 1099 1177; x_wconf 88' lang='lat' dir='ltr'><strong>se</strong></span> <span class='ocrx_word' id='word_1_76' title='bbox 1120 1138 1160 1179; x_wconf 85' lang='lat' dir='ltr'><strong>ex</strong></span> <span class='ocrx_word' id='word_1_77' title='bbox 1174 1138 1269 1199; x_wconf 77' lang='lat' dir='ltr'><strong>regno</strong></span> <span class='ocrx_word' id='word_1_78' title='bbox 1284 1119 1378 1197; x_wconf 87' lang='lat' dir='ltr'><strong>illius,</strong></span> 
     </span>
     <span class='ocr_line' id='line_1_12' title="bbox 330 1200 1375 1282; baseline 0.005 -20"><span class='ocrx_word' id='word_1_79' title='bbox 330 1200 463 1282; x_wconf 84' lang='lat' dir='ltr'><strong>‘prater</strong></span> <span class='ocrx_word' id='word_1_80' title='bbox 474 1201 613 1262; x_wconf 86' lang='lat' dir='ltr'><strong>exsilium</strong></span> <span class='ocrx_word' id='word_1_81' title='bbox 623 1202 689 1278; x_wconf 91' lang='lat' dir='ltr'><strong>viri,</strong></span> <span class='ocrx_word' id='word_1_82' title='bbox 705 1201 837 1262; x_wconf 87' lang='lat' dir='ltr'><strong>habere:</strong></span> <span class='ocrx_word' id='word_1_83' title='bbox 862 1221 961 1282; x_wconf 88' lang='lat' dir='ltr'><strong>neque</strong></span> <span class='ocrx_word' id='word_1_84' title='bbox 976 1201 1128 1263; x_wconf 79' lang='lat' dir='ltr'><strong>fortunam</strong></span> <span class='ocrx_word' id='word_1_85' title='bbox 1138 1223 1224 1264; x_wconf 87' lang='lat' dir='ltr'><strong>suam</strong></span> <span class='ocrx_word' id='word_1_86' title='bbox 1234 1205 1375 1268; x_wconf 87' lang='lat' dir='ltr'><strong>eamdem</strong></span> 
     </span>
     <span class='ocr_line' id='line_1_13' title="bbox 330 1285 1376 1370; baseline 0.007 -24"><span class='ocrx_word' id='word_1_87' title='bbox 330 1285 422 1347; x_wconf 86' lang='lat' dir='ltr'><strong>‘vivo</strong></span> <span class='ocrx_word' id='word_1_88' title='bbox 444 1285 633 1370; x_wconf 75' lang='lat' dir='ltr'><strong>Hieronymo</strong></span> <span class='ocrx_word' id='word_1_89' title='bbox 658 1287 760 1365; x_wconf 81' lang='lat' dir='ltr'><strong>luisse,</strong></span> <span class='ocrx_word' id='word_1_90' title='bbox 784 1307 876 1367; x_wconf 87' lang='lat' dir='ltr'><strong>quam</strong></span> <span class='ocrx_word' id='word_1_91' title='bbox 890 1289 1002 1348; x_wconf 88' lang='lat' dir='ltr'><strong>sororis</strong></span> <span class='ocrx_word' id='word_1_92' title='bbox 1012 1309 1022 1364; x_wconf 85' lang='lat'>3</span> <span class='ocrx_word' id='word_1_93' title='bbox 1049 1308 1147 1369; x_wconf 88' lang='lat' dir='ltr'><strong>neque</strong></span> <span class='ocrx_word' id='word_1_94' title='bbox 1161 1290 1321 1352; x_wconf 82' lang='lat' dir='ltr'><strong>interiecto</strong></span> <span class='ocrx_word' id='word_1_95' title='bbox 1336 1312 1376 1353; x_wconf 86' lang='lat' dir='ltr'><strong>eo</strong></span> 
     </span>
     <span class='ocr_line' id='line_1_14' title="bbox 329 1372 1376 1454; baseline 0.004 -20"><span class='ocrx_word' id='word_1_96' title='bbox 329 1372 493 1434; x_wconf 86' lang='lat' dir='ltr'><strong>‘caussam</strong></span> <span class='ocrx_word' id='word_1_97' title='bbox 509 1372 648 1434; x_wconf 87' lang='lat' dir='ltr'><strong>eamdem</strong></span> <span class='ocrx_word' id='word_1_98' title='bbox 664 1393 741 1434; x_wconf 86' lang='lat' dir='ltr'><strong>esse.</strong></span> <span class='ocrx_word' id='word_1_99' title='bbox 786 1372 890 1442; x_wconf 85' lang='lat' dir='ltr'><strong>Quid?</strong></span> <span class='ocrx_word' id='word_1_100' title='bbox 915 1374 1009 1454; x_wconf 92' lang='lat' dir='ltr'><strong>quod,</strong></span> <span class='ocrx_word' id='word_1_101' title='bbox 1024 1375 1049 1434; x_wconf 90' lang='lat' dir='ltr'><strong>si</strong></span> <span class='ocrx_word' id='word_1_102' title='bbox 1065 1374 1286 1438; x_wconf 89' lang='lat' dir='ltr'><strong>Andranodoro</strong></span> <span class='ocrx_word' id='word_1_103' title='bbox 1298 1397 1376 1438; x_wconf 89' lang='lat' dir='ltr'><strong>con·</strong></span> 
     </span>
     <span class='ocr_line' id='line_1_15' title="bbox 329 1458 1375 1542; baseline 0.005 -24"><span class='ocrx_word' id='word_1_104' title='bbox 329 1458 340 1491; x_wconf 95' lang='lat'><strong>‘</strong></span> <span class='ocrx_word' id='word_1_105' title='bbox 355 1459 423 1520; x_wconf 91' lang='lat' dir='ltr'><strong>silia</strong></span> <span class='ocrx_word' id='word_1_106' title='bbox 438 1459 663 1542; x_wconf 86' lang='lat' dir='ltr'><strong>processissent,</strong></span> <span class='ocrx_word' id='word_1_107' title='bbox 684 1459 821 1520; x_wconf 91' lang='lat' dir='ltr'><strong>iliacum</strong></span> <span class='ocrx_word' id='word_1_108' title='bbox 835 1459 900 1519; x_wconf 86' lang='lat' dir='ltr'><strong>viro</strong></span> <span class='ocrx_word' id='word_1_109' title='bbox 916 1459 1008 1520; x_wconf 87' lang='lat' dir='ltr'><strong>fuerit</strong></span> <span class='ocrx_word' id='word_1_110' title='bbox 1022 1472 1205 1541; x_wconf 65' lang='lat' dir='ltr'><strong>regnatum</strong></span> <span class='ocrx_word' id='word_1_111' title='bbox 1232 1462 1288 1522; x_wconf 91' lang='lat' dir='ltr'><strong>sibi</strong></span> <span class='ocrx_word' id='word_1_112' title='bbox 1303 1483 1375 1525; x_wconf 89' lang='lat' dir='ltr'><strong>cum</strong></span> 
     </span>
     <span class='ocr_line' id='line_1_16' title="bbox 328 1543 1375 1626; baseline 0.005 -21"><span class='ocrx_word' id='word_1_113' title='bbox 328 1543 462 1606; x_wconf 84' lang='lat' dir='ltr'><strong>‘ceteris</strong></span> <span class='ocrx_word' id='word_1_114' title='bbox 485 1545 685 1606; x_wconf 86' lang='lat' dir='ltr'><strong>serviendum.</strong></span> <span class='ocrx_word' id='word_1_115' title='bbox 729 1543 761 1604; x_wconf 90' lang='lat' dir='ltr'><strong>Si</strong></span> <span class='ocrx_word' id='word_1_116' title='bbox 787 1545 853 1624; x_wconf 85' lang='lat' dir='ltr'><strong>quis</strong></span> <span class='ocrx_word' id='word_1_117' title='bbox 876 1543 1000 1626; x_wconf 87' lang='lat' dir='ltr'><strong>Zoippo</strong></span> <span class='ocrx_word' id='word_1_118' title='bbox 1024 1547 1161 1622; x_wconf 83' lang='lat' dir='ltr'><strong>nunciet,</strong></span> <span class='ocrx_word' id='word_1_119' title='bbox 1183 1547 1375 1610; x_wconf 85' lang='lat' dir='ltr'><strong>interiectum</strong></span> 
     </span>
     <span class='ocr_line' id='line_1_17' title="bbox 329 1629 1377 1713; baseline 0.004 -23"><span class='ocrx_word' id='word_1_120' title='bbox 329 1629 586 1713; x_wconf 72' lang='lat' dir='ltr'><strong>‘Hieronymum</strong></span> <span class='ocrx_word' id='word_1_121' title='bbox 603 1651 638 1691; x_wconf 86' lang='lat' dir='ltr'><strong>ec</strong></span> <span class='ocrx_word' id='word_1_122' title='bbox 654 1630 795 1691; x_wconf 85' lang='lat' dir='ltr'><strong>liberates</strong></span> <span class='ocrx_word' id='word_1_123' title='bbox 812 1629 987 1712; x_wconf 82' lang='lat' dir='ltr'><strong>Syracusas,</strong></span> <span class='ocrx_word' id='word_1_124' title='bbox 1002 1631 1053 1691; x_wconf 90' lang='lat' dir='ltr'><strong>cui</strong></span> <span class='ocrx_word' id='word_1_125' title='bbox 1069 1631 1197 1693; x_wconf 86' lang='lat' dir='ltr'><strong>dubium</strong></span> <span class='ocrx_word' id='word_1_126' title='bbox 1210 1653 1287 1710; x_wconf 88' lang='lat' dir='ltr'><strong>esse,</strong></span> <span class='ocrx_word' id='word_1_127' title='bbox 1302 1635 1377 1713; x_wconf 91' lang='lat' dir='ltr'><strong>quin</strong></span> 
     </span>
     <span class='ocr_line' id='line_1_18' title="bbox 328 1715 1377 1798; baseline 0.003 -21"><span class='ocrx_word' id='word_1_128' title='bbox 328 1716 339 1750; x_wconf 94' lang='lat'><strong>‘</strong></span> <span class='ocrx_word' id='word_1_129' title='bbox 353 1717 509 1798; x_wconf 82' lang='lat' dir='ltr'><strong>externplo</strong></span> <span class='ocrx_word' id='word_1_130' title='bbox 524 1737 741 1778; x_wconf 87' lang='lat' dir='ltr'><strong>conscensurus</strong></span> <span class='ocrx_word' id='word_1_131' title='bbox 755 1717 796 1777; x_wconf 89' lang='lat' dir='ltr'><strong>sit</strong></span> <span class='ocrx_word' id='word_1_132' title='bbox 810 1715 922 1794; x_wconf 86' lang='lat' dir='ltr'><strong>navim,</strong></span> <span class='ocrx_word' id='word_1_133' title='bbox 943 1727 1036 1796; x_wconf 85' lang='lat' dir='ltr'><strong>atque</strong></span> <span class='ocrx_word' id='word_1_134' title='bbox 1059 1717 1092 1776; x_wconf 91' lang='lat' dir='ltr'><strong>in</strong></span> <span class='ocrx_word' id='word_1_135' title='bbox 1114 1718 1247 1798; x_wconf 79' lang='lat' dir='ltr'><strong>patriam</strong></span> <span class='ocrx_word' id='word_1_136' title='bbox 1262 1720 1377 1780; x_wconf 81' lang='lat' dir='ltr'><strong>redim-</strong></span> 
     </span>
     <span class='ocr_line' id='line_1_19' title="bbox 328 1801 1378 1886; baseline 0.005 -23"><span class='ocrx_word' id='word_1_137' title='bbox 328 1802 339 1836; x_wconf 94' lang='lat'><strong>‘</strong></span> <span class='ocrx_word' id='word_1_138' title='bbox 354 1803 425 1864; x_wconf 88' lang='lat' dir='ltr'><strong>rusi</strong></span> <span class='ocrx_word' id='word_1_139' title='bbox 449 1805 476 1844; x_wconf 79' lang='lat'><strong>⁸⁶</strong></span> <span class='ocrx_word' id='word_1_140' title='bbox 492 1802 649 1873; x_wconf 84' lang='lat' dir='ltr'><strong>Quantum</strong></span> <span class='ocrx_word' id='word_1_141' title='bbox 665 1824 735 1884; x_wconf 88' lang='lat' dir='ltr'><strong>spes</strong></span> <span class='ocrx_word' id='word_1_142' title='bbox 750 1803 909 1864; x_wconf 90' lang='lat' dir='ltr'><strong>bominum</strong></span> <span class='ocrx_word' id='word_1_143' title='bbox 924 1801 1023 1864; x_wconf 80' lang='lat' dir='ltr'><strong>fallit!</strong></span> <span class='ocrx_word' id='word_1_144' title='bbox 1037 1813 1053 1840; x_wconf 84' lang='lat'><strong>¹²</strong></span> <span class='ocrx_word' id='word_1_145' title='bbox 1080 1801 1117 1864; x_wconf 93' lang='lat' dir='ltr'><strong>ln</strong></span> <span class='ocrx_word' id='word_1_146' title='bbox 1133 1803 1265 1866; x_wconf 85' lang='lat' dir='ltr'><strong>liberata</strong></span> <span class='ocrx_word' id='word_1_147' title='bbox 1278 1805 1378 1886; x_wconf 77' lang='lat' dir='ltr'><strong>petria</strong></span> 
     </span>
     <span class='ocr_line' id='line_1_20' title="bbox 327 1887 1377 1974; baseline 0.004 -24"><span class='ocrx_word' id='word_1_148' title='bbox 327 1887 514 1974; x_wconf 82' lang='lat' dir='ltr'><strong>‘conjugem</strong></span> <span class='ocrx_word' id='word_1_149' title='bbox 530 1889 594 1971; x_wconf 88' lang='lat' dir='ltr'><strong>ejus</strong></span> <span class='ocrx_word' id='word_1_150' title='bbox 611 1911 647 1950; x_wconf 87' lang='lat' dir='ltr'><strong>ac</strong></span> <span class='ocrx_word' id='word_1_151' title='bbox 667 1889 778 1950; x_wconf 85' lang='lat' dir='ltr'><strong>liberos</strong></span> <span class='ocrx_word' id='word_1_152' title='bbox 799 1889 838 1950; x_wconf 93' lang='lat' dir='ltr'><strong>de</strong></span> <span class='ocrx_word' id='word_1_153' title='bbox 854 1889 918 1950; x_wconf 82' lang='lat' dir='ltr'><strong>vita</strong></span> <span class='ocrx_word' id='word_1_154' title='bbox 937 1889 1104 1966; x_wconf 89' lang='lat' dir='ltr'><strong>dimicare;</strong></span> <span class='ocrx_word' id='word_1_155' title='bbox 1128 1891 1205 1970; x_wconf 92' lang='lat' dir='ltr'><strong>quid</strong></span> <span class='ocrx_word' id='word_1_156' title='bbox 1219 1892 1377 1954; x_wconf 71' lang='lat' dir='ltr'><strong>obstantes</strong></span> 
     </span>
     <span class='ocr_line' id='line_1_21' title="bbox 328 1975 1377 2060; baseline 0.002 -23"><span class='ocrx_word' id='word_1_157' title='bbox 328 1975 498 2055; x_wconf 88' lang='lat' dir='ltr'><strong>‘libertati,</strong></span> <span class='ocrx_word' id='word_1_158' title='bbox 516 1989 569 2038; x_wconf 88' lang='lat' dir='ltr'><strong>aut</strong></span> <span class='ocrx_word' id='word_1_159' title='bbox 592 1976 729 2060; x_wconf 76' lang='lat' dir='ltr'><strong>legibus?</strong></span> <span class='ocrx_word' id='word_1_160' title='bbox 763 1975 854 2046; x_wconf 86' lang='lat' dir='ltr'><strong>Quod</strong></span> <span class='ocrx_word' id='word_1_161' title='bbox 878 1975 918 2036; x_wconf 86' lang='lat' dir='ltr'><strong>ab</strong></span> <span class='ocrx_word' id='word_1_162' title='bbox 940 1995 973 2036; x_wconf 90' lang='lat' dir='ltr'><strong>sc</strong></span> <span class='ocrx_word' id='word_1_163' title='bbox 995 1976 1138 2056; x_wconf 87' lang='lat' dir='ltr'><strong>cuiquam</strong></span> <span class='ocrx_word' id='word_1_164' title='bbox 1153 1977 1377 2057; x_wconf 82' lang='lat' dir='ltr'><strong>periculum,a</strong></span> 
     </span>
     <span class='ocr_line' id='line_1_22' title="bbox 328 2061 1373 2145; baseline 0.003 -22"><span class='ocrx_word' id='word_1_165' title='bbox 328 2062 419 2124; x_wconf 87' lang='lat' dir='ltr'><strong>‘sola</strong></span> <span class='ocrx_word' id='word_1_166' title='bbox 434 2083 469 2124; x_wconf 84' lang='lat' dir='ltr'><strong>ac</strong></span> <span class='ocrx_word' id='word_1_167' title='bbox 482 2084 577 2145; x_wconf 89' lang='lat' dir='ltr'><strong>prope</strong></span> <span class='ocrx_word' id='word_1_168' title='bbox 589 2064 689 2140; x_wconf 86' lang='lat' dir='ltr'><strong>vidua,</strong></span> <span class='ocrx_word' id='word_1_169' title='bbox 705 2074 738 2124; x_wconf 88' lang='lat' dir='ltr'><strong>et</strong></span> <span class='ocrx_word' id='word_1_170' title='bbox 752 2061 860 2144; x_wconf 87' lang='lat' dir='ltr'><strong>puellis</strong></span> <span class='ocrx_word' id='word_1_171' title='bbox 880 2061 913 2121; x_wconf 94' lang='lat' dir='ltr'><strong>in</strong></span> <span class='ocrx_word' id='word_1_172' title='bbox 927 2061 1059 2124; x_wconf 81' lang='lat' dir='ltr'><strong>orbitate</strong></span> <span class='ocrx_word' id='word_1_173' title='bbox 1074 2061 1267 2144; x_wconf 84' lang='lat' dir='ltr'><strong>degentibus,</strong></span> <span class='ocrx_word' id='word_1_174' title='bbox 1282 2064 1373 2126; x_wconf 84' lang='lat' dir='ltr'><strong>essel</strong></span> 
     </span>
     <span class='ocr_line' id='line_1_23' title="bbox 328 2147 1375 2232; baseline 0.004 -24"><span class='ocrx_word' id='word_1_175' title='bbox 328 2147 396 2212; x_wconf 88' lang='lat' dir='ltr'><strong>‘At</strong></span> <span class='ocrx_word' id='word_1_176' title='bbox 411 2151 493 2210; x_wconf 91' lang='lat' dir='ltr'><strong>enim</strong></span> <span class='ocrx_word' id='word_1_177' title='bbox 509 2149 635 2232; x_wconf 90' lang='lat' dir='ltr'><strong>periculi</strong></span> <span class='ocrx_word' id='word_1_178' title='bbox 646 2150 769 2231; x_wconf 88' lang='lat' dir='ltr'><strong>quidem</strong></span> <span class='ocrx_word' id='word_1_179' title='bbox 784 2148 861 2209; x_wconf 91' lang='lat' dir='ltr'><strong>nibil</strong></span> <span class='ocrx_word' id='word_1_180' title='bbox 877 2147 917 2208; x_wconf 83' lang='lat' dir='ltr'><strong>eb</strong></span> <span class='ocrx_word' id='word_1_181' title='bbox 930 2168 963 2208; x_wconf 88' lang='lat' dir='ltr'><strong>se</strong></span> <span class='ocrx_word' id='word_1_182' title='bbox 977 2148 1098 2208; x_wconf 88' lang='lat' dir='ltr'><strong>timeri:</strong></span> <span class='ocrx_word' id='word_1_183' title='bbox 1122 2148 1251 2210; x_wconf 82' lang='lat' dir='ltr'><strong>invisam</strong></span> <span class='ocrx_word' id='word_1_184' title='bbox 1266 2161 1375 2211; x_wconf 78' lang='lat' dir='ltr'><strong>tamen</strong></span> 
     </span>
     <span class='ocr_line' id='line_1_24' title="bbox 328 2233 1373 2318; baseline 0.003 -24"><span class='ocrx_word' id='word_1_185' title='bbox 328 2234 338 2265; x_wconf 92' lang='lat'><strong>‘</strong></span> <span class='ocrx_word' id='word_1_186' title='bbox 354 2236 467 2314; x_wconf 56' lang='lat' dir='ltr'><strong>regnam</strong></span> <span class='ocrx_word' id='word_1_187' title='bbox 483 2235 610 2318; x_wconf 90' lang='lat' dir='ltr'><strong>stirpam</strong></span> <span class='ocrx_word' id='word_1_188' title='bbox 624 2255 700 2296; x_wconf 86' lang='lat' dir='ltr'><strong>esse.</strong></span> <span class='ocrx_word' id='word_1_189' title='bbox 743 2235 931 2315; x_wconf 86' lang='lat' dir='ltr'><strong>Ablegarent</strong></span> <span class='ocrx_word' id='word_1_190' title='bbox 953 2253 1025 2314; x_wconf 88' lang='lat' dir='ltr'><strong>ergo</strong></span> <span class='ocrx_word' id='word_1_191' title='bbox 1038 2235 1146 2314; x_wconf 89' lang='lat' dir='ltr'><strong>procul</strong></span> <span class='ocrx_word' id='word_1_192' title='bbox 1160 2236 1200 2296; x_wconf 89' lang='lat' dir='ltr'><strong>ab</strong></span> <span class='ocrx_word' id='word_1_193' title='bbox 1215 2233 1373 2318; x_wconf 81' lang='lat' dir='ltr'><strong>Syracusis</strong></span> 
     </span>
     <span class='ocr_line' id='line_1_25' title="bbox 328 2316 1374 2403; baseline 0.005 -24"><span class='ocrx_word' id='word_1_194' title='bbox 328 2316 529 2402; x_wconf 59' lang='lat' dir='ltr'><strong>‘Siciliaque</strong></span> <span class='ocrx_word' id='word_1_195' title='bbox 563 2332 595 2383; x_wconf 90' lang='lat' dir='ltr'><strong>et</strong></span> <span class='ocrx_word' id='word_1_196' title='bbox 620 2322 769 2403; x_wconf 84' lang='lat' dir='ltr'><strong>asportari</strong></span> <span class='ocrx_word' id='word_1_197' title='bbox 795 2320 1011 2382; x_wconf 80' lang='lat' dir='ltr'><strong>Alexandriam</strong></span> <span class='ocrx_word' id='word_1_198' title='bbox 1030 2318 1184 2401; x_wconf 84' lang='lat' dir='ltr'><strong>juberent,</strong></span> <span class='ocrx_word' id='word_1_199' title='bbox 1210 2322 1251 2382; x_wconf 89' lang='lat' dir='ltr'><strong>ad</strong></span> <span class='ocrx_word' id='word_1_200' title='bbox 1275 2323 1374 2385; x_wconf 88' lang='lat' dir='ltr'><strong>virum</strong></span> 
     </span>
     <span class='ocr_line' id='line_1_26' title="bbox 329 2404 1376 2490; baseline 0.003 -25"><span class='ocrx_word' id='word_1_201' title='bbox 329 2404 492 2484; x_wconf 87' lang='lat' dir='ltr'><strong>‘uxorem,</strong></span> <span class='ocrx_word' id='word_1_202' title='bbox 519 2407 559 2469; x_wconf 91' lang='lat' dir='ltr'><strong>ad</strong></span> <span class='ocrx_word' id='word_1_203' title='bbox 585 2419 704 2490; x_wconf 89' lang='lat' dir='ltr'><strong>patrem</strong></span> <span class='ocrx_word' id='word_1_204' title='bbox 727 2405 826 2468; x_wconf 68' lang='lat' dir='ltr'><strong>filias!</strong></span> <span class='ocrx_word' id='word_1_205' title='bbox 869 2409 896 2453; x_wconf 80' lang='lat'><strong>⁸⁷</strong></span> <span class='ocrx_word' id='word_1_206' title='bbox 911 2405 1031 2468; x_wconf 83' lang='lat' dir='ltr'><strong>Aversis</strong></span> <span class='ocrx_word' id='word_1_207' title='bbox 1049 2407 1172 2468; x_wconf 87' lang='lat' dir='ltr'><strong>auribus</strong></span> <span class='ocrx_word' id='word_1_208' title='bbox 1195 2407 1376 2489; x_wconf 75' lang='lat' dir='ltr'><strong>animisque,</strong></span> 
     </span>
     <span class='ocr_line' id='line_1_27' title="bbox 329 2492 1375 2575; baseline 0.002 -23"><span class='ocrx_word' id='word_1_209' title='bbox 329 2511 412 2552; x_wconf 68' lang='lat' dir='ltr'><strong>came</strong></span> <span class='ocrx_word' id='word_1_210' title='bbox 431 2512 470 2554; x_wconf 89' lang='lat' dir='ltr'><strong>ne</strong></span> <span class='ocrx_word' id='word_1_211' title='bbox 496 2505 617 2575; x_wconf 87' lang='lat' dir='ltr'><strong>tempus</strong></span> <span class='ocrx_word' id='word_1_212' title='bbox 632 2503 790 2571; x_wconf 84' lang='lat' dir='ltr'><strong>tereretur,</strong></span> <span class='ocrx_word' id='word_1_213' title='bbox 805 2492 917 2554; x_wconf 83' lang='lat' dir='ltr'><strong>ferrum</strong></span> <span class='ocrx_word' id='word_1_214' title='bbox 932 2492 1081 2574; x_wconf 82' lang='lat' dir='ltr'><strong>quosdam</strong></span> <span class='ocrx_word' id='word_1_215' title='bbox 1095 2493 1293 2574; x_wconf 80' lang='lat' dir='ltr'><strong>expedientes</strong></span> <span class='ocrx_word' id='word_1_216' title='bbox 1307 2514 1375 2555; x_wconf 89' lang='lat' dir='ltr'><strong>cer·</strong></span> 
     </span>
     <span class='ocr_line' id='line_1_28' title="bbox 327 2578 1374 2664; baseline 0.005 -26"><span class='ocrx_word' id='word_1_217' title='bbox 327 2578 463 2641; x_wconf 83' lang='lat' dir='ltr'><strong>nebat⁰=</strong></span> <span class='ocrx_word' id='word_1_218' title='bbox 486 2592 563 2659; x_wconf 90' lang='lat' dir='ltr'><strong>tum,</strong></span> <span class='ocrx_word' id='word_1_219' title='bbox 585 2580 705 2643; x_wconf 87' lang='lat' dir='ltr'><strong>omissis</strong></span> <span class='ocrx_word' id='word_1_220' title='bbox 734 2602 790 2664; x_wconf 90' lang='lat' dir='ltr'><strong>pro</strong></span> <span class='ocrx_word' id='word_1_221' title='bbox 816 2602 849 2641; x_wconf 91' lang='lat' dir='ltr'><strong>se</strong></span> <span class='ocrx_word' id='word_1_222' title='bbox 872 2580 1022 2663; x_wconf 85' lang='lat' dir='ltr'><strong>precibus,</strong></span> <span class='ocrx_word' id='word_1_223' title='bbox 1046 2578 1176 2662; x_wconf 89' lang='lat' dir='ltr'><strong>‘puellis</strong></span> <span class='ocrx_word' id='word_1_224' title='bbox 1200 2589 1235 2642; x_wconf 89' lang='lat' dir='ltr'><strong>nt</strong></span> <span class='ocrx_word' id='word_1_225' title='bbox 1261 2580 1374 2643; x_wconf 87' lang='lat' dir='ltr'><strong>saltem</strong></span> 
     </span>
     <span class='ocr_line' id='line_1_29' title="bbox 328 2664 1373 2749; baseline 0.003 -22"><span class='ocrx_word' id='word_1_226' title='bbox 328 2664 339 2697; x_wconf 95' lang='lat'><strong>‘</strong></span> <span class='ocrx_word' id='word_1_227' title='bbox 354 2666 533 2749; x_wconf 81' lang='lat' dir='ltr'><strong>parcerent,’</strong></span> <span class='ocrx_word' id='word_1_228' title='bbox 557 2689 644 2730; x_wconf 89' lang='lat' dir='ltr'><strong>orare</strong></span> <span class='ocrx_word' id='word_1_229' title='bbox 659 2668 788 2730; x_wconf 87' lang='lat' dir='ltr'><strong>institit:</strong></span> <span class='ocrx_word' id='word_1_230' title='bbox 812 2667 823 2700; x_wconf 90' lang='lat'><strong>‘</strong></span> <span class='ocrx_word' id='word_1_231' title='bbox 836 2688 856 2727; x_wconf 88' lang='lat' dir='ltr'><strong>a</strong></span> <span class='ocrx_word' id='word_1_232' title='bbox 870 2687 931 2747; x_wconf 87' lang='lat' dir='ltr'><strong>qua</strong></span> <span class='ocrx_word' id='word_1_233' title='bbox 944 2678 1035 2729; x_wconf 72' lang='lat' dir='ltr'><strong>astate</strong></span> <span class='ocrx_word' id='word_1_234' title='bbox 1051 2666 1143 2728; x_wconf 84' lang='lat' dir='ltr'><strong>etiem</strong></span> <span class='ocrx_word' id='word_1_235' title='bbox 1159 2666 1263 2729; x_wconf 87' lang='lat' dir='ltr'><strong>hostes</strong></span> <span class='ocrx_word' id='word_1_236' title='bbox 1277 2667 1373 2730; x_wconf 73' lang='lat' dir='ltr'><strong>iratos</strong></span> 
     </span>
     <span class='ocr_line' id='line_1_30' title="bbox 328 2749 1375 2839; baseline 0.003 -27"><span class='ocrx_word' id='word_1_237' title='bbox 328 2751 513 2835; x_wconf 74' lang='lat' dir='ltr'><strong>‘abstinere</strong></span> <span class='ocrx_word' id='word_1_238' title='bbox 539 2774 588 2833; x_wconf 88' lang='lat' dir='ltr'><strong>ne,</strong></span> <span class='ocrx_word' id='word_1_239' title='bbox 617 2766 763 2839; x_wconf 87' lang='lat' dir='ltr'><strong>tyrannos</strong></span> <span class='ocrx_word' id='word_1_240' title='bbox 785 2749 975 2829; x_wconf 85' lang='lat' dir='ltr'><strong>ulciscendo,</strong></span> <span class='ocrx_word' id='word_1_241' title='bbox 996 2774 1063 2834; x_wconf 80' lang='lat' dir='ltr'><strong>quae</strong></span> <span class='ocrx_word' id='word_1_242' title='bbox 1087 2753 1232 2839; x_wconf 81' lang='lat' dir='ltr'><strong>odissent,</strong></span> <span class='ocrx_word' id='word_1_243' title='bbox 1256 2753 1375 2815; x_wconf 83' lang='lat' dir='ltr'><strong>scelera</strong></span> 
     </span>
     <span class='ocr_line' id='line_1_31' title="bbox 328 2837 1373 2921; baseline 0.002 -23"><span class='ocrx_word' id='word_1_244' title='bbox 328 2837 411 2920; x_wconf 89' lang='lat' dir='ltr'><strong>‘ipsi</strong></span> <span class='ocrx_word' id='word_1_245' title='bbox 433 2840 644 2905; x_wconf 65' lang='lat' dir='ltr'><strong>imitarentur?</strong></span> <span class='ocrx_word' id='word_1_246' title='bbox 697 2840 782 2903; x_wconf 85' lang='lat' dir='ltr'><strong>Inter</strong></span> <span class='ocrx_word' id='word_1_247' title='bbox 807 2840 871 2901; x_wconf 85' lang='lat' dir='ltr'><strong>haec</strong></span> <span class='ocrx_word' id='word_1_248' title='bbox 902 2840 1089 2901; x_wconf 80' lang='lat' dir='ltr'><strong>abstractam</strong></span> <span class='ocrx_word' id='word_1_249' title='bbox 1121 2860 1141 2901; x_wconf 91' lang='lat' dir='ltr'><strong>a</strong></span> <span class='ocrx_word' id='word_1_250' title='bbox 1167 2840 1373 2921; x_wconf 83' lang='lat' dir='ltr'><strong>penetralibus</strong></span> 
     </span>
     <span class='ocr_line' id='line_1_32' title="bbox 323 2922 1373 3009; baseline 0.002 -24"><span class='ocrx_word' id='word_1_251' title='bbox 323 2922 486 3007; x_wconf 87' lang='lat' dir='ltr'><strong>jugulant:</strong></span> <span class='ocrx_word' id='word_1_252' title='bbox 510 2929 542 2989; x_wconf 92' lang='lat' dir='ltr'><strong>in</strong></span> <span class='ocrx_word' id='word_1_253' title='bbox 558 2924 687 3009; x_wconf 79' lang='lat' dir='ltr'><strong>virgines</strong></span> <span class='ocrx_word' id='word_1_254' title='bbox 710 2926 832 3004; x_wconf 85' lang='lat' dir='ltr'><strong>deinde,</strong></span> <span class='ocrx_word' id='word_1_255' title='bbox 851 2946 1003 3006; x_wconf 87' lang='lat' dir='ltr'><strong>respersas</strong></span> <span class='ocrx_word' id='word_1_256' title='bbox 1022 2926 1129 2987; x_wconf 91' lang='lat' dir='ltr'><strong>matris</strong></span> <span class='ocrx_word' id='word_1_257' title='bbox 1148 2946 1265 3001; x_wconf 83' lang='lat' dir='ltr'><strong>cruore,</strong></span> <span class='ocrx_word' id='word_1_258' title='bbox 1284 2926 1373 3007; x_wconf 88' lang='lat' dir='ltr'><strong>inpe-</strong></span> 
     </span>
     <span class='ocr_line' id='line_1_33' title="bbox 328 3012 1376 3097; baseline 0.001 -25"><span class='ocrx_word' id='word_1_259' title='bbox 328 3022 395 3073; x_wconf 90' lang='lat' dir='ltr'><strong>tum</strong></span> <span class='ocrx_word' id='word_1_260' title='bbox 415 3013 542 3077; x_wconf 87' lang='lat' dir='ltr'><strong>faciunt.</strong></span> <span class='ocrx_word' id='word_1_261' title='bbox 556 3036 633 3097; x_wconf 80' lang='lat' dir='ltr'><strong>que,</strong></span> <span class='ocrx_word' id='word_1_262' title='bbox 649 3016 784 3077; x_wconf 86' lang='lat' dir='ltr'><strong>alienata</strong></span> <span class='ocrx_word' id='word_1_263' title='bbox 796 3025 900 3076; x_wconf 88' lang='lat' dir='ltr'><strong>mente</strong></span> <span class='ocrx_word' id='word_1_264' title='bbox 916 3012 1006 3073; x_wconf 90' lang='lat' dir='ltr'><strong>simul</strong></span> <span class='ocrx_word' id='word_1_265' title='bbox 1024 3012 1108 3073; x_wconf 90' lang='lat' dir='ltr'><strong>luctu</strong></span> <span class='ocrx_word' id='word_1_266' title='bbox 1122 3023 1278 3093; x_wconf 87' lang='lat' dir='ltr'><strong>metuque,</strong></span> <span class='ocrx_word' id='word_1_267' title='bbox 1291 3012 1376 3074; x_wconf 86' lang='lat' dir='ltr'><strong>velut</strong></span> 
     </span>
     <span class='ocr_line' id='line_1_34' title="bbox 328 3098 1375 3179; baseline 0.001 -20"><span class='ocrx_word' id='word_1_268' title='bbox 328 3110 425 3179; x_wconf 77' lang='lat' dir='ltr'><strong>capte</strong></span> <span class='ocrx_word' id='word_1_269' title='bbox 442 3100 552 3179; x_wconf 84' lang='lat' dir='ltr'><strong>furore,</strong></span> <span class='ocrx_word' id='word_1_270' title='bbox 574 3104 601 3139; x_wconf 80' lang='lat'><strong>³⁸</strong></span> <span class='ocrx_word' id='word_1_271' title='bbox 612 3123 649 3164; x_wconf 89' lang='lat' dir='ltr'><strong>eo</strong></span> <span class='ocrx_word' id='word_1_272' title='bbox 672 3122 763 3163; x_wconf 90' lang='lat' dir='ltr'><strong>cursu</strong></span> <span class='ocrx_word' id='word_1_273' title='bbox 776 3121 809 3161; x_wconf 90' lang='lat' dir='ltr'><strong>se</strong></span> <span class='ocrx_word' id='word_1_274' title='bbox 823 3120 863 3161; x_wconf 86' lang='lat' dir='ltr'><strong>ex</strong></span> <span class='ocrx_word' id='word_1_275' title='bbox 883 3098 1016 3159; x_wconf 83' lang='lat' dir='ltr'><strong>sacrario</strong></span> <span class='ocrx_word' id='word_1_276' title='bbox 1037 3100 1260 3179; x_wconf 87' lang='lat' dir='ltr'><strong>proripuerunt,</strong></span> <span class='ocrx_word' id='word_1_277' title='bbox 1280 3109 1325 3177; x_wconf 89' lang='lat' dir='ltr'><strong>ut,</strong></span> <span class='ocrx_word' id='word_1_278' title='bbox 1348 3098 1375 3160; x_wconf 88' lang='lat' dir='ltr'><strong>si</strong></span> 
     </span>
     <span class='ocr_line' id='line_1_35' title="bbox 328 3184 1376 3271; baseline 0 -26"><span class='ocrx_word' id='word_1_279' title='bbox 328 3184 472 3266; x_wconf 86' lang='lat' dir='ltr'><strong>effugium</strong></span> <span class='ocrx_word' id='word_1_280' title='bbox 498 3188 647 3271; x_wconf 85' lang='lat' dir='ltr'><strong>patuisset</strong></span> <span class='ocrx_word' id='word_1_281' title='bbox 671 3188 702 3249; x_wconf 90' lang='lat' dir='ltr'><strong>in</strong></span> <span class='ocrx_word' id='word_1_282' title='bbox 726 3186 893 3269; x_wconf 88' lang='lat' dir='ltr'><strong>publicum,</strong></span> <span class='ocrx_word' id='word_1_283' title='bbox 916 3184 1085 3265; x_wconf 76' lang='lat' dir='ltr'><strong>impletura</strong></span> <span class='ocrx_word' id='word_1_284' title='bbox 1106 3186 1214 3247; x_wconf 86' lang='lat' dir='ltr'><strong>urbem</strong></span> <span class='ocrx_word' id='word_1_285' title='bbox 1240 3184 1376 3247; x_wconf 87' lang='lat' dir='ltr'><strong>tumultu</strong></span> 
     </span>
    </p>
   </div>
   <div class='ocr_carea' id='block_1_8' title="bbox 304 3268 1375 3356">
    <p class='ocr_par' dir='ltr' id='par_1_8' title="bbox 304 3268 1375 3356">
     <span class='ocr_line' id='line_1_36' title="bbox 304 3268 1375 3356; baseline 0.003 -26"><span class='ocrx_word' id='word_1_286' title='bbox 304 3268 449 3335; x_wconf 79' lang='lat' dir='ltr'><strong>&#39;fuerint</strong></span> <span class='ocrx_word' id='word_1_287' title='bbox 493 3278 519 3315; x_wconf 78' lang='lat'><strong>³⁸</strong></span> <span class='ocrx_word' id='word_1_288' title='bbox 542 3274 623 3338; x_wconf 89' lang='lat' dir='ltr'><strong>Turn</strong></span> <span class='ocrx_word' id='word_1_289' title='bbox 638 3294 760 3356; x_wconf 91' lang='lat' dir='ltr'><strong>quoque</strong></span> <span class='ocrx_word' id='word_1_290' title='bbox 782 3273 864 3335; x_wconf 88' lang='lat' dir='ltr'><strong>baud</strong></span> <span class='ocrx_word' id='word_1_291' title='bbox 890 3290 1003 3351; x_wconf 78' lang='lat' dir='ltr'><strong>magno</strong></span> <span class='ocrx_word' id='word_1_292' title='bbox 1025 3269 1136 3333; x_wconf 82' lang='lat' dir='ltr'><strong>redium</strong></span> <span class='ocrx_word' id='word_1_293' title='bbox 1162 3272 1275 3353; x_wconf 82' lang='lat' dir='ltr'><strong>spatio,</strong></span> <span class='ocrx_word' id='word_1_294' title='bbox 1296 3272 1375 3333; x_wconf 84' lang='lat' dir='ltr'><strong>inter</strong></span> 
     </span>
    </p>
   </div>
   <div class='ocr_carea' id='block_1_9' title="bbox 346 3470 1359 3541">
    <p class='ocr_par' dir='ltr' id='par_1_9' title="bbox 346 3470 1359 3541">
     <span class='ocr_line' id='line_1_37' title="bbox 346 3470 1359 3541; baseline -0.004 -17"><span class='ocrx_word' id='word_1_295' title='bbox 346 3484 358 3508; x_wconf 85' lang='lat'><strong>&#39;¹</strong></span> <span class='ocrx_word' id='word_1_296' title='bbox 363 3475 440 3541; x_wconf 75' lang='lat' dir='ltr'><strong>filli!</strong></span> <span class='ocrx_word' id='word_1_297' title='bbox 454 3475 528 3526; x_wconf 86' lang='lat' dir='ltr'><strong>Doer.</strong></span> <span class='ocrx_word' id='word_1_298' title='bbox 540 3474 601 3539; x_wconf 84' lang='lat' dir='ltr'><strong>liup.</strong></span> <span class='ocrx_word' id='word_1_299' title='bbox 699 3491 711 3519; x_wconf 82' lang='grc' dir='ltr'><strong>ο</strong></span> <span class='ocrx_word' id='word_1_300' title='bbox 727 3474 836 3541; x_wconf 79' lang='lat' dir='ltr'><strong>(serrum</strong></span> <span class='ocrx_word' id='word_1_301' title='bbox 845 3477 902 3523; x_wconf 79' lang='lat' dir='ltr'><strong>enin</strong></span> <span class='ocrx_word' id='word_1_302' title='bbox 912 3474 1013 3537; x_wconf 66' lang='lat' dir='ltr'><strong>prudent</strong></span> <span class='ocrx_word' id='word_1_303' title='bbox 1025 3488 1072 3535; x_wconf 76' lang='lat' dir='ltr'><strong>erp.</strong></span> <span class='ocrx_word' id='word_1_304' title='bbox 1081 3470 1193 3539; x_wconf 67' lang='lat' dir='ltr'><strong>mint)</strong></span> <span class='ocrx_word' id='word_1_305' title='bbox 1203 3471 1277 3522; x_wconf 86' lang='lat' dir='ltr'><strong>Gron.</strong></span> <span class='ocrx_word' id='word_1_306' title='bbox 1288 3470 1359 3522; x_wconf 66' lang='grc' dir='ltr'><strong>(ἴων.</strong></span> 
     </span>
    </p>
   </div>
   <div class='ocr_carea' id='block_1_10' title="bbox 328 3642 1374 4168">
    <p class='ocr_par' dir='ltr' id='par_1_10' title="bbox 328 3642 1374 3972">
     <span class='ocr_line' id='line_1_38' title="bbox 359 3642 1373 3709; baseline 0.001 -18"><span class='ocrx_word' id='word_1_307' title='bbox 359 3644 383 3679; x_wconf 79' lang='lat'><strong>³⁴</strong></span> <span class='ocrx_word' id='word_1_308' title='bbox 400 3644 833 3709; x_wconf 78' lang='lat' dir='ltr'><strong>qunumodreqrurqueoenireproet-</strong></span> <span class='ocrx_word' id='word_1_309' title='bbox 864 3647 944 3694; x_wconf 64' lang='lat' dir='ltr'><strong>coerce</strong></span> <span class='ocrx_word' id='word_1_310' title='bbox 972 3646 1063 3707; x_wconf 73' lang='lat' dir='ltr'><strong>auribus</strong></span> <span class='ocrx_word' id='word_1_311' title='bbox 1091 3645 1219 3707; x_wconf 68' lang='lat' dir='ltr'><strong>oninique,</strong></span> <span class='ocrx_word' id='word_1_312' title='bbox 1245 3642 1373 3707; x_wconf 70' lang='lat' dir='ltr'><strong>pendulam</strong></span> 
     </span>
     <span class='ocr_line' id='line_1_39' title="bbox 328 3706 1374 3809; baseline 0 -52"><span class='ocrx_word' id='word_1_313' title='bbox 328 3706 400 3809; x_wconf 64' lang='lat' dir='ltr'><strong>cirqqt]</strong></span> <span class='ocrx_word' id='word_1_314' title='bbox 419 3712 479 3771; x_wconf 69' lang='lat' dir='ltr'><strong>lege</strong></span> <span class='ocrx_word' id='word_1_315' title='bbox 490 3712 567 3771; x_wconf 72' lang='lat' dir='ltr'><strong>veniri.</strong></span> <span class='ocrx_word' id='word_1_316' title='bbox 585 3710 672 3789; x_wconf 65' lang='lat' dir='ltr'><strong>Grion.</strong></span> <span class='ocrx_word' id='word_1_317' title='bbox 865 3711 1033 3789; x_wconf 72' lang='lat' dir='ltr'><strong>quodammodo</strong></span> <span class='ocrx_word' id='word_1_318' title='bbox 1042 3722 1067 3759; x_wconf 87' lang='lat' dir='ltr'><strong>ct</strong></span> <span class='ocrx_word' id='word_1_319' title='bbox 1077 3710 1198 3773; x_wconf 76' lang='lat' dir='ltr'><strong>abruptum</strong></span> <span class='ocrx_word' id='word_1_320' title='bbox 1209 3728 1215 3757; x_wconf 72' lang='grc' dir='ltr'><strong><em>ε</em></strong></span> <span class='ocrx_word' id='word_1_321' title='bbox 1234 3713 1283 3771; x_wconf 77' lang='lat' dir='ltr'><strong>Jnn</strong></span> <span class='ocrx_word' id='word_1_322' title='bbox 1293 3709 1374 3757; x_wconf 79' lang='lat' dir='ltr'><strong>cdrcr·</strong></span> 
     </span>
     <span class='ocr_line' id='line_1_40' title="bbox 329 3774 1371 3916; baseline -0.003 -28"><span class='ocrx_word' id='word_1_323' title='bbox 329 3774 718 3905; x_wconf 56' lang='lat' dir='ltr'><strong>videtulvyldllicuplermllrwlia</strong></span> <span class='ocrx_word' id='word_1_324' title='bbox 728 3776 834 3906; x_wconf 44' lang='lat' dir='ltr'><strong>germ?</strong></span> <span class='ocrx_word' id='word_1_325' title='bbox 864 3776 1371 3916; x_wconf 39' lang='lat' dir='ltr'><strong>ngmrlgtqlodldldffiffissmae</strong></span> 
     </span>
     <span class='ocr_line' id='line_1_41' title="bbox 330 3904 1371 3972; baseline -0.004 -18"><span class='ocrx_word' id='word_1_326' title='bbox 330 3919 395 3957; x_wconf 79' lang='lat' dir='ltr'><strong>etex</strong></span> <span class='ocrx_word' id='word_1_327' title='bbox 407 3908 500 3956; x_wconf 78' lang='lat' dir='ltr'><strong>edverro</strong></span> <span class='ocrx_word' id='word_1_328' title='bbox 509 3910 611 3972; x_wconf 80' lang='lat' dir='ltr'><strong>opposita</strong></span> <span class='ocrx_word' id='word_1_329' title='bbox 623 3908 686 3955; x_wconf 74' lang='lat' dir='ltr'><strong>nulls</strong></span> <span class='ocrx_word' id='word_1_330' title='bbox 696 3919 739 3957; x_wconf 86' lang='lat' dir='ltr'><strong>est.</strong></span> <span class='ocrx_word' id='word_1_331' title='bbox 863 3908 964 3969; x_wconf 65' lang='grc' dir='ltr'><strong>Μαι</strong></span> <span class='ocrx_word' id='word_1_332' title='bbox 973 3907 1106 3969; x_wconf 69' lang='lat' dir='ltr'><strong>npeiienta</strong></span> <span class='ocrx_word' id='word_1_333' title='bbox 1115 3906 1166 3952; x_wconf 78' lang='lat' dir='ltr'><strong>sine</strong></span> <span class='ocrx_word' id='word_1_334' title='bbox 1181 3920 1217 3964; x_wconf 69' lang='grc' dir='ltr'><strong>τᾳ</strong></span> <span class='ocrx_word' id='word_1_335' title='bbox 1232 3920 1299 3951; x_wconf 70' lang='lat' dir='ltr'><strong>mus</strong></span> <span class='ocrx_word' id='word_1_336' title='bbox 1321 3904 1371 3951; x_wconf 69' lang='lat' dir='ltr'><strong>lte·</strong></span> 
     </span>
    </p>

    <p class='ocr_par' dir='ltr' id='par_1_11' title="bbox 329 3968 1371 4168">
     <span class='ocr_line' id='line_1_42' title="bbox 361 3968 1371 4037; baseline -0.008 -15"><span class='ocrx_word' id='word_1_337' title='bbox 361 3973 384 4009; x_wconf 81' lang='lat'><strong>³⁶</strong></span> <span class='ocrx_word' id='word_1_338' title='bbox 410 3974 523 4029; x_wconf 77' lang='lat' dir='ltr'><strong>Quantum</strong></span> <span class='ocrx_word' id='word_1_339' title='bbox 540 3989 584 4035; x_wconf 78' lang='lat' dir='ltr'><strong>sper</strong></span> <span class='ocrx_word' id='word_1_340' title='bbox 605 3974 714 4021; x_wconf 78' lang='lat' dir='ltr'><strong>bominum</strong></span> <span class='ocrx_word' id='word_1_341' title='bbox 731 3972 803 4037; x_wconf 78' lang='lat' dir='ltr'><strong>saliit</strong></span> <span class='ocrx_word' id='word_1_342' title='bbox 812 3971 834 4035; x_wconf 81' lang='lat' dir='ltr'><strong>i]</strong></span> <span class='ocrx_word' id='word_1_343' title='bbox 864 3968 1241 4035; x_wconf 76' lang='lat' dir='ltr'><strong>quebonclocoroprodcplorato</strong></span> <span class='ocrx_word' id='word_1_344' title='bbox 1249 3969 1371 4029; x_wconf 69' lang='lat' dir='ltr'><strong>babemus,</strong></span> 
     </span>
     <span class='ocr_line' id='line_1_43' title="bbox 329 4033 1294 4105; baseline -0.007 -18"><span class='ocrx_word' id='word_1_345' title='bbox 329 4039 418 4089; x_wconf 84' lang='lat' dir='ltr'><strong>Melius</strong></span> <span class='ocrx_word' id='word_1_346' title='bbox 435 4052 494 4090; x_wconf 79' lang='lat' dir='ltr'><strong>esset</strong></span> <span class='ocrx_word' id='word_1_347' title='bbox 503 4038 570 4105; x_wconf 81' lang='lat' dir='ltr'><strong>julli.</strong></span> <span class='ocrx_word' id='word_1_348' title='bbox 603 4037 666 4089; x_wconf 78' lang='lat' dir='ltr'><strong>Nam</strong></span> <span class='ocrx_word' id='word_1_349' title='bbox 680 4049 730 4087; x_wconf 77' lang='lat' dir='ltr'><strong>rota</strong></span> <span class='ocrx_word' id='word_1_350' title='bbox 744 4036 834 4100; x_wconf 82' lang='lat' dir='ltr'><strong>obliqua</strong></span> <span class='ocrx_word' id='word_1_351' title='bbox 865 4037 909 4084; x_wconf 74' lang='lat' dir='ltr'><strong>nisi</strong></span> <span class='ocrx_word' id='word_1_352' title='bbox 921 4036 1042 4085; x_wconf 81' lang='lat' dir='ltr'><strong>meliorum</strong></span> <span class='ocrx_word' id='word_1_353' title='bbox 1052 4033 1294 4099; x_wconf 73' lang='lat' dir='ltr'><strong>tttrommcopi-tnr.</strong></span> 
     </span>
     <span class='ocr_line' id='line_1_44' title="bbox 329 4095 1370 4168; baseline -0.007 -17"><span class='ocrx_word' id='word_1_354' title='bbox 329 4109 455 4155; x_wconf 81' lang='lat' dir='ltr'><strong>oratioest.</strong></span> <span class='ocrx_word' id='word_1_355' title='bbox 896 4102 919 4136; x_wconf 78' lang='lat'><strong>³⁸</strong></span> <span class='ocrx_word' id='word_1_356' title='bbox 942 4101 976 4149; x_wconf 76' lang='lat' dir='ltr'><strong>Eo</strong></span> <span class='ocrx_word' id='word_1_357' title='bbox 992 4098 1070 4168; x_wconf 74' lang='lat' dir='ltr'><strong>curat]</strong></span> <span class='ocrx_word' id='word_1_358' title='bbox 1098 4101 1229 4150; x_wconf 73' lang='lat' dir='ltr'><strong>Cerrininr</strong></span> <span class='ocrx_word' id='word_1_359' title='bbox 1247 4095 1370 4145; x_wconf 72' lang='lat' dir='ltr'><strong>nmtellt</strong></span> 
     </span>
    </p>
   </div>
   <div class='ocr_carea' id='block_1_11' title="bbox 327 4166 1372 4561">
    <p class='ocr_par' dir='ltr' id='par_1_12' title="bbox 327 4166 1372 4561">
     <span class='ocr_line' id='line_1_45' title="bbox 360 4166 1369 4236; baseline -0.001 -20"><span class='ocrx_word' id='word_1_360' title='bbox 360 4170 383 4206; x_wconf 75' lang='lat'><strong>³7</strong></span> <span class='ocrx_word' id='word_1_361' title='bbox 399 4170 484 4221; x_wconf 73' lang='lat' dir='ltr'><strong>Acerris</strong></span> <span class='ocrx_word' id='word_1_362' title='bbox 498 4171 590 4218; x_wconf 77' lang='lat' dir='ltr'><strong>auribus</strong></span> <span class='ocrx_word' id='word_1_363' title='bbox 604 4170 734 4236; x_wconf 76' lang='lat' dir='ltr'><strong>oninique]</strong></span> <span class='ocrx_word' id='word_1_364' title='bbox 759 4170 834 4224; x_wconf 76' lang='lat' dir='ltr'><strong>Ponit</strong></span> <span class='ocrx_word' id='word_1_365' title='bbox 865 4168 1003 4230; x_wconf 78' lang='lat' dir='ltr'><strong>emendatio,</strong></span> <span class='ocrx_word' id='word_1_366' title='bbox 1022 4182 1094 4230; x_wconf 86' lang='lat' dir='ltr'><strong>quum</strong></span> <span class='ocrx_word' id='word_1_367' title='bbox 1115 4167 1184 4233; x_wconf 78' lang='lat' dir='ltr'><strong>prior</strong></span> <span class='ocrx_word' id='word_1_368' title='bbox 1197 4166 1311 4229; x_wconf 71' lang='lat' dir='ltr'><strong>legeretur</strong></span> <span class='ocrx_word' id='word_1_369' title='bbox 1330 4176 1369 4211; x_wconf 73' lang='grc' dir='ltr'><strong>σο·</strong></span> 
     </span>
     <span class='ocr_line' id='line_1_46' title="bbox 330 4233 1371 4365; baseline 0.012 -86"><span class='ocrx_word' id='word_1_370' title='bbox 330 4233 422 4293; x_wconf 83' lang='lat' dir='ltr'><strong>quidem</strong></span> <span class='ocrx_word' id='word_1_371' title='bbox 441 4246 564 4315; x_wconf 33' lang='lat' dir='ltr'><strong>‘utcunque</strong></span> <span class='ocrx_word' id='word_1_372' title='bbox 591 4244 704 4315; x_wconf 52' lang='lat' dir='ltr'><strong>supponere</strong></span> <span class='ocrx_word' id='word_1_373' title='bbox 717 4256 737 4315; x_wconf 73' lang='grc' dir='ltr'><strong>ιΙ</strong></span> <span class='ocrx_word' id='word_1_374' title='bbox 752 4234 834 4291; x_wconf 79' lang='lat' dir='ltr'><strong>Quota</strong></span> <span class='ocrx_word' id='word_1_375' title='bbox 865 4250 998 4349; x_wconf 56' lang='lat' dir='ltr'><strong>tsqqum</strong></span> <span class='ocrx_word' id='word_1_376' title='bbox 1094 4300 1108 4365; x_wconf 91' lang='lat'><strong>]</strong></span> <span class='ocrx_word' id='word_1_377' title='bbox 1135 4258 1248 4355; x_wconf 39' lang='lat' dir='ltr'><strong>dm&amp;</strong></span> <span class='ocrx_word' id='word_1_378' title='bbox 1268 4297 1371 4360; x_wconf 53' lang='grc' dir='ltr'><em>Μ</em></span> 
     </span>
     <span class='ocr_line' id='line_1_47' title="bbox 328 4310 1370 4434; baseline 0.012 -26"><span class='ocrx_word' id='word_1_379' title='bbox 328 4310 832 4434; x_wconf 46' lang='lat' dir='ltr'><strong>:yraeppcrypyqqqepffluqqhffl“2333</strong></span> <span class='ocrx_word' id='word_1_380' title='bbox 861 4381 909 4416; x_wconf 79' lang='lat' dir='ltr'><strong>non</strong></span> <span class='ocrx_word' id='word_1_381' title='bbox 926 4316 1228 4432; x_wconf 49' lang='grc' dir='ltr'><strong>μυεῐὶιιᾳτῗμῴὶίωῠ,</strong></span> <span class='ocrx_word' id='word_1_382' title='bbox 1256 4376 1282 4414; x_wconf 76' lang='lat' dir='ltr'><strong>et</strong></span> <span class='ocrx_word' id='word_1_383' title='bbox 1295 4363 1370 4419; x_wconf 63' lang='grc' dir='ltr'><strong>,Μ</strong></span> 
     </span>
     <span class='ocr_line' id='line_1_48' title="bbox 327 4432 1372 4499; baseline 0.009 -27"><span class='ocrx_word' id='word_1_384' title='bbox 327 4434 443 4476; x_wconf 83' lang='lat' dir='ltr'><strong>tereretur</strong></span> <span class='ocrx_word' id='word_1_385' title='bbox 464 4445 535 4493; x_wconf 76' lang='lat' dir='ltr'><strong>cerae,</strong></span> <span class='ocrx_word' id='word_1_386' title='bbox 556 4433 578 4481; x_wconf 82' lang='lat' dir='ltr'><strong>id</strong></span> <span class='ocrx_word' id='word_1_387' title='bbox 603 4446 647 4493; x_wconf 80' lang='lat' dir='ltr'><strong>est,</strong></span> <span class='ocrx_word' id='word_1_388' title='bbox 669 4436 781 4485; x_wconf 70' lang='lat' dir='ltr'><strong>incanum</strong></span> <span class='ocrx_word' id='word_1_389' title='bbox 799 4469 830 4486; x_wconf 86' lang='lat'><strong>..</strong></span> <span class='ocrx_word' id='word_1_390' title='bbox 861 4448 942 4494; x_wconf 67' lang='lat' dir='ltr'><strong>magno</strong></span> <span class='ocrx_word' id='word_1_391' title='bbox 960 4432 1045 4483; x_wconf 68' lang='lat' dir='ltr'><strong>adiuro</strong></span> <span class='ocrx_word' id='word_1_392' title='bbox 1060 4435 1135 4499; x_wconf 75' lang='lat' dir='ltr'><strong>spatio</strong></span> <span class='ocrx_word' id='word_1_393' title='bbox 1149 4433 1372 4483; x_wconf 63' lang='lat' dir='ltr'><strong>induremus·</strong></span> 
     </span>
     <span class='ocr_line' id='line_1_49' title="bbox 327 4489 917 4561; baseline 0.012 -19"><span class='ocrx_word' id='word_1_394' title='bbox 327 4489 373 4542; x_wconf 80' lang='lat' dir='ltr'><strong>Sed</strong></span> <span class='ocrx_word' id='word_1_395' title='bbox 383 4506 431 4543; x_wconf 84' lang='lat' dir='ltr'><strong>noa</strong></span> <span class='ocrx_word' id='word_1_396' title='bbox 440 4492 513 4559; x_wconf 67' lang='lat' dir='ltr'><strong>plener</strong></span> <span class='ocrx_word' id='word_1_397' title='bbox 520 4497 619 4560; x_wconf 84' lang='lat' dir='ltr'><strong>priorum</strong></span> <span class='ocrx_word' id='word_1_398' title='bbox 629 4500 686 4550; x_wconf 82' lang='lat' dir='ltr'><strong>illud</strong></span> <span class='ocrx_word' id='word_1_399' title='bbox 695 4502 832 4561; x_wconf 79' lang='lat' dir='ltr'><strong>membrum,</strong></span> <span class='ocrx_word' id='word_1_400' title='bbox 860 4499 917 4549; x_wconf 82' lang='lat' dir='ltr'><strong>rint.</strong></span> 
     </span>
    </p>
   </div>
   <div class='ocr_carea' id='block_1_12' title="bbox 0 0 1550 5200">
    <p class='ocr_par' dir='ltr' id='par_1_13' title="bbox 0 0 1550 5200">
     <span class='ocr_line' id='line_1_50' title="bbox 0 0 1550 5200; baseline 0 2"><span class='ocrx_word' id='word_1_401' title='bbox 0 0 1550 5200; x_wconf 95' lang='lat' dir='ltr'><strong> </strong></span> 
     </span>
    </p>
   </div>
  </div>
 </body>
</html>
