3092 5200
462 325 697 429 mannum.
717 367 799 428 cnr.
817 366 965 433 xxxta
1134 370 1225 455 ,uss

175 523 350 587 ·‘·lroetibus
361 523 470 586 nostris
481 538 593 601 essent,
604 522 712 586 faeere.
732 522 805 585 Jam
815 524 950 587 omnium
962 524 1092 607 primurn
1103 526 1223 618 ’'oppi·
1236 538 1269 591 u.
1279 540 1308 590 c.
1319 540 1374 593 tlt.

188 610 199 644 ‘
214 610 286 673 dum
300 612 388 674 nobis
399 611 612 673 restimemntr
627 630 681 692 per
692 629 814 672 ornnem
824 608 1004 694 Hispaniam
1016 612 1094 673 cives
1103 625 1227 691 nostros,
1234 606 1267 655 Α·
1275 604 1305 653 ⁰·
1316 608 1372 657 ²⁰⁵·

187 696 420 776 ‘venumdatos
431 696 571 772 dimissis,
580 696 631 779 qui
642 696 866 778 conquirerent,
877 716 916 758 ex
928 698 1069 759 servitute
1084 698 1115 759 in
1131 699 1221 762 liber·

186 782 199 817 ‘
212 792 308 847 tatem
319 785 526 847 restituerunt.
568 780 669 851 Quum
676 780 742 865 jam
754 802 848 867 prope
858 794 948 861 esset,
960 795 994 846 ut
1006 783 1170 865 optabilem
1182 806 1222 849 ex

15 876 18 886 ’
127 878 137 901 “
186 866 379 933 ‘miserrima
389 869 538 931 fortunam
548 868 745 945 haberemus}
762 868 793 931 P.
803 867 900 931 etCn.
911 867 1044 932 Cornelii
1053 869 1222 953 imperato·

185 954 198 987 ‘
212 958 357 1019 reovestri
368 955 565 1016 ”luctuosius
573 954 661 1016 nobis
671 964 827 1035 qnoque,¹¹¹
842 974 933 1036 quam
949 955 1042 1035 vobis,
1057 956 1221 1039 perierunt.

187 1040 290 1104 ‘'l'um
300 1062 371 1103 vero
382 1041 421 1102 ad
430 1042 490 1103 hoe
502 1040 623 1102 remoti
640 1060 679 1100 ex
690 1039 873 1102 distantibus
889 1041 963 1123 loeis
978 1042 1009 1103 in
1021 1041 1125 1103 sedem
1140 1041 1221 1103 a‘nti·

186 1126 198 1161 ‘
212 1145 301 1211 quam
315 1124 502 1204 videbamur,
516 1126 675 1188 utiterum
688 1124 864 1207 periremus,
879 1136 910 1184 et
924 1120 1051 1187 altemm
1068 1126 1221 1187 excidium

185 1211 197 1245 ‘
210 1213 316 1297 patrie
324 1213 513 1274 videremus:
528 1232 586 1273 nee
597 1210 636 1272 ad
644 1210 814 1293 perniciem
827 1220 961 1271 nostram
973 1206 1221 1292 Kaithaginiensi

183 1298 195 1331 ‘
209 1301 313 1382 utique
321 1312 375 1361 aut
385 1298 462 1361 duee
474 1310 528 1361 aut
534 1294 670 1360 exercitu
677 1316 753 1379 opus
761 1316 845 1357 esse:
858 1294 897 1356 ab
904 1292 1046 1357 Turdulis
1055 1315 1111 1357 nos
1121 1306 1221 1380 v'eter-

185 1384 196 1417 ‘
211 1386 295 1448 rimis
303 1378 504 1469 hostibus,qui
513 1384 621 1467 prioris
630 1402 750 1464 quoque
758 1380 869 1445 excidii
879 1401 986 1443 caussa
993 1380 1081 1443 nobis
1089 1381 1222 1461 luerunt,

184 1470 196 1505 ‘
210 1471 361 1553 exstingui
372 1480 487 1554 posse.n
500 1490 592 1554 quum
604 1490 643 1531 ex
654 1470 806 1552 insperato
820 1480 944 1551 repente
955 1468 1079 1531 misistis
1089 1469 1176 1531 nobis
1188 1466 1222 1533 P.

183 1560 195 1593 ‘
210 1560 292 1621 hune
306 1555 502 1640 Scipionem:
527 1577 628 1639 quem,
642 1555 871 1618 fortunatissimi
886 1556 1021 1617 omnium
1034 1552 1222 1639 Saguntino·

185 1644 278 1707 ‘mm
287 1644 434 1723 uidemur,
444 1644 521 1726 ,quia
532 1643 687 1705 consulem
698 1642 884 1704 declaratum
897 1642 1044 1721 videmus,
1060 1662 1095 1705 ae
1110 1642 1222 1705 vidisse

183 1731 268 1793 ‘nos
281 1731 395 1794 civibus
410 1731 520 1795 nostris
541 1729 742 1794 renunciaturi
766 1748 878 1807 sumus,
894 1749 978 1811 spem
1001 1748 1122 1791 omnem
1139 1727 1222 1793 salu·

184 1818 334 1901 ‘temque
345 1830 489 1882 nostram.
504 1818 566 1900 qui,
581 1836 673 1898 quum
688 1816 831 1899 plurimas
847 1816 978 1901 hostium
989 1827 1155 1899 uestrorum
1167 1836 1222 1879 ee·

184 1905 195 1940 ‘
210 1906 303 1988 pisset
313 1907 345 1968 in
357 1905 507 1990 Hispania
515 1906 614 1986 urbes,
624 1904 733 1985 ubique
742 1924 781 1967 ex
790 1912 967 1987 captorum⁰
977 1922 1104 1985 numero
1112 1924 1220 1969 exere·

184 1992 259 2055 ‘tos
274 1991 457 2076 Saguntinos
476 1994 510 2056 in
523 1993 652 2099 patriam
668 1991 802 2056 remisit:
818 2002 972 2079 postremo
986 1986 1220 2075 Turdetaniam,
1294 2027 1296 2035 ·

15 2094 19 2109 ·
126 2148 129 2152 ,
183 2079 196 2115 ‘
211 2080 288 2142 adeo
302 2081 445 2144 infestam
460 2082 558 2161 nobas,
572 2082 673 2144 utilia
687 2093 779 2164 gente
799 2081 942 2145 incolumi
957 2093 1037 2145 stare
1050 2080 1221 2165 Saguntum

184 2169 195 2202 ‘
209 2188 272 2230 non
283 2180 396 2252 posset,
408 2168 453 2231 ita
461 2168 543 2231 bello
558 2168 684 2248 adflixit,
692 2182 729 2231 ut
739 2190 800 2231 ιιοιι
812 2169 905 2233 modo
917 2170 1015 2248 nobis,
1032 2172 1040 2207 ¹
1053 2168 1218 2249 (absitver-

182 2254 248 2319 ‘bo
257 2255 381 2337 invidia)
393 2275 432 2318 ne
443 2255 571 2338 posteris
581 2254 703 2339 quidem
718 2255 855 2318 timenda
869 2257 979 2319 nostris
994 2267 1104 2319 esset·
1126 2254 1221 2337 Dele-

184 2342 274 2407 ‘tam
293 2344 399 2405 urbem
420 2344 569 2404 cemimus
583 2362 698 2421 eorum,
714 2362 842 2424 quorum
856 2344 888 2403 in
903 2342 1032 2425 gratiam
1049 2340 1220 2425 Sagunmm

183 2428 359 2492 ‘deleverat
369 2426 534 2491 Hannibal.
556 2430 739 2519 vectigales
759 2450 833 2512 agro
848 2450 952 2492 eorum
968 2429 1114 2512 capimus,
1124 2492 1128 2499 ,
1138 2428 1221 2511 quod

183 2514 298 2578 ‘nobis
313 2519 397 2577 ¹non
406 2515 506 2578 fructu
513 2514 676 2598 jucundius
688 2529 745 2594 est,
755 2536 846 2599 quam
857 2516 984 2578 ultione.
1006 2515 1055 2577 Ob
1066 2516 1140 2595 haec‚
1150 2515 1220 2600 q'ui·
1249 2514 1256 2542 ³

181 2602 195 2636 ‘
209 2604 263 2666 bus
275 2602 390 2686 majora
398 2623 496 2685 neque
507 2623 636 2686 sperare,
651 2623 749 2684 neque
760 2615 865 2688 optare
877 2604 916 2665 ab
927 2601 994 2665 Diis
1010 2603 1220 2668 inmortalibus

182 2689 195 2722 ‘
210 2703 390 2775 poteramus,
396 2690 509 2772 gratias
518 2702 619 2752 aetum
628 2711 685 2752 nos
697 2689 802 2752 decem
812 2687 1120 2774 legatosSaguntinus
1130 2713 1220 2754 sena·

183 2776 257 2840 ‘tus
266 2766 453 2861 populusque
467 2776 507 2837 ad
521 2797 574 2837 vos
589 2777 690 2838 misit:
706 2777 795 2837 simul
807 2775 1002 2858 gratulatum,
1018 2777 1106 2859 quod·
1113 2779 1156 2839 ita
1171 2799 1219 2841 res

181 2862 193 2894 ⁴
206 2863 262 2924 hos
274 2883 369 2924 annos
378 2863 409 2924 in
417 2861 566 2943 Hispania
575 2873 665 2943 atque
674 2859 763 2922 ltalia
770 2861 916 2943 gessistis,
927 2862 1147 2946 utHispaniam
1156 2884 1220 2926 non

15 2964 19 2991 ι
73 3005 76 3012 ,
182 2945 298 3009 ‘ibero
309 2967 398 3010 amne
408 2947 791 3029 tenus‚sedquaterrarum
803 2945 924 3008 ultimas
934 2947 1001 3010 linit
1010 2969 1150 3027 oceanus,
1160 2950 1219 3010 do-

183 3031 196 3067 ‘
209 3034 317 3096 mitam
327 3031 582 3095 armis‘habeatis:
596 3031 762 3110 ltalia‚nisi
773 3043 918 3113 quatenus
929 3032 1039 3094 vallum
1050 3046 1219 3098 castrorum

183 3119 195 3153 ‘
209 3121 314 3201 cingit,
324 3118 399 3180 nihil
411 3118 586 3203 reliqueritis
597 3117 702 3180 Poeno.
732 3117 801 3179 Jovi
814 3119 931 3202 optimo
942 3121 1087 3197 maximo,
1098 3121 1220 3204 prasidi

182 3207 194 3240 ‘
209 3205 388 3290 Capitolina
398 3206 485 3283 arcis,
494 3225 556 3266 non
563 3218 664 3287 grates
674 3215 792 3266 tanturn
802 3205 842 3266 ob
851 3209 914 3270 haec
926 3225 1014 3288 agere
1020 3204 1096 3287 jussi
1105 3227 1220 3286 sumus,

181 3293 194 3326 ⁶
207 3293 261 3354 sed
274 3291 386 3354 donum
399 3292 458 3353 hoc
467 3291 570 3368 etiam,
576 3293 601 3353 si
610 3313 663 3353 vos
672 3291 895 3374 permitteretis,
901 3311 1046 3353 eoronam
1055 3311 1177 3355 auream
1187 3293 1220 3356 iu

182 3379 194 3414 ‘
208 3377 393 3463 Capitolium
403 3377 534 3440 uictoriae
543 3398 616 3462 ergo
626 3378 712 3440 ferre.
734 3375 770 3439 ld
781 3377 825 3439 uti
837 3378 1031 3461 permittatis,
1041 3398 1220 3459 quaesumus.

246 3501 538 3567 'suseelrrufflm
632 3503 1147 3572 'mammnnemuusucepansen

193 3599 197 3606 ·
519 3567 679 3629 omptiruruns
690 3567 764 3618 Grau.
775 3568 844 3618 Cres.

185 3666 190 3674 ‘
211 3661 234 3698 Ω
251 3657 360 3722 Oppidum
378 3661 436 3708 nobis
450 3655 606 3720 restituerunt}
630 3654 685 3732 llil
715 3657 823 3706 Romanis
1019 3685 1022 3691 ·
1062 3724 1068 3736 υ

168 3725 452 3838 “tillim
465 3804 555 3852 „aa
568 3743 683 3851 aaa
714 3721 1218 3855 stllttstullzilnttn:

180 3855 222 3918 bie]
245 3856 303 3902 llee
321 3866 357 3902 est
372 3855 600 3916 romptorumleetio.
632 3853 684 3903 Nee
713 3854 736 3902 la
746 3855 827 3902 exinde
838 3855 862 3902 in
873 3869 914 3904 uos
923 3855 1005 3903 insidis
1014 3857 1107 3903 orietur.
1138 3855 1220 3904 runis

180 3919 306 3968 debuerant
319 3934 347 3966 ea
363 3919 448 3968 offendi
467 3919 574 3977 editores,
591 3929 614 3966 et
632 3919 684 3968 loeo
714 3921 871 3985 prosperitate,
888 3921 1014 3984 proesenim
1032 3921 1113 3983 siquis
1130 3937 1156 3969 ea
1168 3909 1220 3968 im.

180 3981 304 4047 riguasque
317 3999 427 4048 reponere
438 3999 511 4046 prope.
543 3984 611 4032 Nihil
621 3986 683 4032 enim
715 3985 803 4033 medice
821 3983 950 4046 efferretur,
970 3987 1082 4049 putabant
1102 3997 1208 4050 provocer

181 4049 206 4097 in
217 4064 243 4097 ea
255 4049 360 4106 nimium,
376 4063 415 4099 aut
425 4051 449 4098 in
461 4051 536 4114 majus
546 4064 637 4098 auctum
649 4050 684 4099 vi·
714 4062 760 4098 non
772 4050 845 4098 solum
857 4051 983 4110 hominum,
991 4053 1032 4099 sed
1042 4045 1220 4101 etiem‘deorum

181 4113 230 4163 deri
242 4115 320 4162 delier.
351 4115 685 4180 Pmpioesaueaeprmseutior
716 4116 832 4164 invidiam.

180 4179 292 4243 pemieks
301 4177 431 4240 Saguntinis
439 4181 682 4238 imminebnstnteritu
718 4195 723 4204 ’
743 4179 825 4228 'Nan
836 4178 921 4242 fructu
932 4181 1057 4243 Jueunrlint
1074 4181 1124 4245 eell'
1136 4175 1218 4246 Scripsi

179 4243 392 4309 Scipionumqmm
402 4245 517 4295 llomanis.
544 4245 683 4306 Meritoigi-
712 4246 913 4310 ιιιιιιίσιιιχιιισιιι.ι
931 4246 1060 4295 Gronovius
1070 4244 1161 4308 corrigit
1172 4261 1218 4294 nors

178 4321 221 4358 tut
234 4310 314 4358 dicunt
324 4311 443 4373 Saguntini
451 4314 514 4360 siun
522 4312 593 4359 modo
605 4311 682 4372 etribi
705 4313 773 4373 jsmsr
783 4311 822 4358 red
833 4327 874 4374 pro
885 4311 980 4360 molesta
990 4311 1098 4376 particula
1109 4325 1216 4376 mperes·

180 4387 206 4424 et
217 4373 326 4426 nan-na
335 4375 460 4426 luctuosam
467 4377 572 4426 aedissae
578 4387 682 4438 ‚monem
713 4369 807 4425 eane'am
818 4377 885 4424 iliam
898 4377 1017 4438 suggerit.v
1035 4376 1079 4430 vet
1094 4377 1145 4429 dele
1161 4385 1215 4436 lon,

179 4437 384 4504 Sdpiouamfsel
404 4442 447 4490 sibi
468 4443 538 4491 etiam
560 4432 624 4509 (nrec'
647 4453 683 4490 est
714 4441 951 4506 vellegejunmtlnm.

178 4506 242 4556 euim
251 4505 327 4556 vers
335 4507 426 4572 mogus)
441 4506 682 4574 lemannum
1022 4527 1025 4534 ⁴

219 4592 362 4642 vot-11.¹
770 4595 816 4645 21
