3092 5200
342 367 399 431 ns
761 354 966 421 mmmm

173 532 317 587 masse.
340 521 395 585 tris
423 538 527 603 pugna
550 517 635 581 nulla
658 517 824 581 admodum
854 516 921 579 luit.
966 514 1047 599 qnia,
1077 514 1167 581 simul
1206 513 1383 581 inclinatam

174 598 245 651 bc·
254 600 311 653 ²¹⁶·
339 607 474 669 mediam
485 605 584 667 aciem
598 602 701 667 Mauri
709 602 909 686 Numidaeque
915 602 1068 683 uiderunt,
1083 602 1240 685 extemplo
1252 602 1327 685 fuga
1336 602 1383 667 el-

340 692 408 754 iuss
421 692 505 755 nuda
517 710 642 769 cornua,
656 691 826 773 elephantis
846 710 966 773 qnoque
980 710 1042 773 pra
1060 710 1094 752 se
1108 690 1197 768 actis,
1212 690 1383 755 deseruere.

339 777 381 841 Et
400 776 585 855 Hasdrubal,
613 797 709 859 usque
735 778 776 838 ad
801 776 941 839 ultimum
956 787 1100 839 eventum
1113 796 1221 858 pugnae
1236 788 1382 855 moratus,

339 864 475 927 emedia
502 864 584 925 cede
612 863 808 946 campaneis
832 861 949 944 effugit.
992 860 1102 925 Castra
1116 860 1248 925 Romani
1263 884 1382 946 cepere,

340 962 432 1032 atque
462 950 624 1033 diripuere.
666 947 713 1011 Ea
742 970 857 1031 pugna,
881 949 941 1010 ⁴⁴si
967 968 1029 1029 qua
1051 948 1145 1011 dubia
1169 949 1201 1009 in
1232 947 1384 1032 Hispania

339 1048 438 1115 erant,
463 1036 611 1099 Romanis
637 1034 796 1118 adjunxit=
824 1033 1069 1117 Hasdrubalique
1083 1054 1145 1096 non
1161 1034 1301 1097 modain
1317 1034 1382 1099 Ita·

341 1124 415 1186 liam
444 1122 623 1185 traducendi
638 1122 800 1200 exereitus,
823 1121 878 1185 sed
901 1142 941 1183 nc
974 1118 1115 1185 manendi
1148 1121 1270 1203 quidem
1308 1124 1382 1185 satis

339 1221 408 1272 tuto
433 1210 466 1271 in
495 1207 656 1292 Hispania,
692 1228 779 1291 spem
814 1208 947 1289 reliquit.
990 1207 1064 1279 Quae
1094 1220 1258 1291 postquam
1288 1210 1381 1271 literis

339 1294 517 1377 Scipionum
547 1294 652 1357 Romae
675 1296 800 1377 vulgata
824 1307 906 1373 sunt,
942 1314 1005 1356 non
1032 1307 1098 1357 tarn
1127 1293 1263 1373 motoria,
1286 1316 1380 1377 ¹quam

339 1382 494 1465 prohibito
509 1380 708 1460 Hasdrubalis
723 1382 754 1443 in
771 1380 893 1446 Italiam
908 1381 1049 1459 transitu,
1064 1380 1252 1443 laetabantur.

382 1466 485 1531 XXX.
506 1466 589 1531 Dum
626 1468 690 1530 baec
727 1470 759 1530 in
805 1466 956 1550 Hispania
991 1480 1148 1550 geruntur,
1178 1467 1311 1531 Petelia⁴
1348 1468 1379 1533 in

339 1552 477 1634 Bruttiis,
492 1555 609 1635 aliquot
619 1566 691 1637 post
709 1555 872 1631 mensibus,
888 1574 980 1635 quam
995 1566 1099 1637 coepta
1121 1554 1288 1638 obpugnari
1303 1572 1379 1634 erat,

172 1646 297 1725 romain
338 1642 378 1703 ab
393 1639 579 1719 Himilcone,
604 1639 747 1724 prefecto
763 1639 956 1719 Hannibalis,
980 1652 1155 1724 expugnata
1169 1652 1225 1703 est.
1265 1639 1378 1705 ¹¹Mul-

172 1712 321 1827 ssffiffll.
338 1737 393 1789 toe
419 1728 566 1809 sanguine
595 1748 632 1789 ac
661 1727 832 1789 vulneribus
856 1747 893 1789 ea
914 1726 1015 1789 Poenis
1030 1728 1159 1790 victoria
1187 1728 1298 1791 stetitr
1322 1744 1378 1791 nec
1407 1746 1412 1753 ·

236 1875 244 1891 ,
292 1795 305 1827 ⁸
338 1814 401 1873 ulla
427 1814 524 1895 magis
538 1813 583 1874 vis
597 1814 747 1893 obsessos,
773 1834 864 1895 quam
882 1814 989 1891 mines,
1015 1812 1209 1897 expugnavit.
1233 1814 1379 1877 absumtis
1407 1821 1411 1827 '

337 1899 420 1960 enirn
445 1897 566 1983 frugum
581 1899 744 1978 alimentis,
759 1900 919 1983 carnisque
934 1900 1033 1961 omnis
1063 1901 1181 1981 generis
1206 1901 1382 1984 quadrupe«-

336 1984 430 2063 dum3
454 1986 609 2048 ‘'sutrinae
624 1998 780 2069 postremo
800 1987 901 2065 coriis,
917 1987 1075 2067 herbisque
1099 1998 1131 2049 et
1160 1988 1321 2065 radicibus,
1346 1998 1379 2049 et

336 2071 501 2133 corticibus
522 2074 646 2149 teneris,
661 2074 689 2112 ⁴⁸
695 2073 868 2153 strictisque
883 2073 964 2135 rubis
982 2073 1104 2152 vixere,
1121 2094 1189 2151 nec,
1214 2085 1378 2157 antequam

248 2198 253 2205 -
335 2156 414 2217 vires
438 2158 479 2219 ad
503 2158 647 2219 standum
677 2158 707 2219 in
729 2159 822 2221 muris
847 2158 1029 2241 ferendaque
1053 2180 1139 2222 anua
1162 2160 1299 2239 deerant,
1322 2182 1377 2223 cx-

334 2243 462 2323 pugnati
482 2252 563 2304 sunt.
608 2243 747 2325 Recepta
776 2244 902 2324 Petelia,
923 2245 1034 2309 Poenus
1057 2244 1096 2309 ad
1112 2245 1309 2309 Consentiam
1324 2268 1377 2309 co·

333 2326 400 2407 pias
429 2326 584 2389 traducit:
616 2348 718 2409 qnam,
740 2330 840 2393 minus
864 2332 1059 2414 pertinaciter
1089 2332 1256 2412 defensam,
1295 2333 1377 2397 intra

335 2414 540 2561 ppussmtdim
562 2414 596 2474 in
618 2416 814 2565 dedititqrenp
838 2419 966 2501 aceepit.
999 2418 1124 2567 (liisdem
1152 2419 1248 2569 ferrqq
1271 2420 1376 2520 diebus
1405 2448 1408 2455 ·

291 2517 351 2573 χε
422 2519 456 2559 ru
472 2514 584 2561 trorum
606 2521 706 2563 exeret
743 2523 757 2562 s
816 2516 967 2582 ratonem,
1028 2526 1136 2569 racarn
1175 2528 1210 2569 ur
1250 2528 1291 2584 m,
1316 2528 1375 2568 crr-

298 2584 493 2664 .cumsedit,
530 2588 709 2668 opulentam
746 2590 902 2670 quondam
934 2591 1026 2654 armis
1051 2592 1192 2674 virisque,
1217 2606 1282 2656 tum
1309 2590 1394 2675 jam·

331 2670 410 2732 adeo
425 2673 528 2735 multis
554 2677 733 2758 magnisque
757 2677 894 2739 cladibus
917 2679 1085 2756 adflictam,
1110 2692 1146 2742 ut
1163 2681 1263 2742 omnis
1278 2681 1375 2742 aetatis

330 2755 430 2818 minus
455 2759 562 2840 viginti
589 2761 686 2822 millia
716 2763 828 2824 civium
858 2777 1062 2847 superessent.
1093 2765 1196 2849 itaque
1223 2769 1331 2829 ⁴⁴urbe
1356 2789 1375 2830 a

331 2841 538 2908 defensoribus
563 2859 650 2909 vasta
672 2847 761 2910 facile
784 2851 875 2932 potiti
901 2863 972 2913 sunt
1006 2853 1135 2914 hostes:
1174 2873 1227 2916 arx
1253 2865 1373 2917 tantum

330 2941 460 3008 retenta,
475 2931 610 3013 inquam
631 2933 711 2996 inter
731 2935 895 2998 tumultum
914 2949 1011 3020 capta
1027 2939 1111 3000 urbis
1138 2961 1155 3002 e
1176 2940 1277 3003 media
1292 2941 1373 3002 caede

330 3015 454 3096 quidam
469 3018 611 3100 effugere.
654 3018 695 3082 Et
724 3017 893 3084 Locrenses
916 3023 1069 3086 descivere
1099 3026 1138 3088 ad
1153 3023 1289 3090 Bruttios
1304 3025 1372 3088 Poe·

330 3120 455 3184 trosque,
495 3105 617 3187 prodita
648 3107 844 3171 multitudine
867 3129 886 3170 a
907 3111 1104 3193 principibus.
1149 3111 1280 3194 eregini
1304 3125 1373 3178 tan·

393 3270 405 3305 ⁴
421 3270 522 3324 Perdita.
532 3274 570 3324 Sic
580 3290 678 3341 semper.
689 3277 763 3328 Groa.
775 3280 845 3328 Cres.
1022 3288 1033 3314 ⁶
1049 3291 1080 3330 est
1086 3299 1096 3342 ,-
1113 3285 1224 3347 maritoque
1234 3284 1308 3334 Gran.

359 3385 383 3417 ⁴⁰
398 3385 479 3448 Siqua
495 3391 564 3436 datia
581 3392 606 3438 ia
628 3389 738 3452 Hispania
754 3395 830 3457 nant]
866 3395 918 3450 Hos
935 3395 1043 3444 ruborum
1060 3399 1149 3448 fructus
1164 3401 1262 3466 appellet
1278 3401 1373 3450 Ouidius

327 3447 381 3497 Par.
393 3451 464 3497 codex
474 3455 759 3518 omittitprepositionem.
778 3459 833 3505 For·
865 3475 935 3520 uum,
953 3461 969 3509 l.
983 3475 1001 3510 r.
1013 3463 1113 3514 Metam.
1124 3481 1146 3512 v.
1160 3467 1223 3516 1⁰5..
1231 3475 1266 3517 ,st
1277 3468 1299 3514 in
1311 3467 1374 3513 duris

327 3514 387 3562 ultan
397 3514 519 3575 legendum
536 3520 555 3565 η’
571 3534 616 3581 qua
633 3520 701 3567 aba
720 3519 833 3582 Hispani:
864 3525 969 3574 demntia
978 3529 1135 3578 martana.

325 3587 397 3626 enat.
559 3643 565 3656 ·
895 3589 918 3622 ⁴⁴
937 3589 995 3638 Urbs
1014 3609 1029 3638 a
1048 3592 1192 3656 dej'ensoribus
1208 3591 1279 3652 mna]
1306 3591 1372 3641 Urbs

355 3641 378 3718 ⁴⁴
396 3639 471 3687 Multo
485 3641 603 3708 warne]
617 3644 700 3722 ‘Hem'
711 3647 772 3708 qaod
793 3663 833 3712 op·
865 3667 934 3701 sarua
952 3655 1121 3714 defensoribus,
1138 3673 1190 3722 quae
1208 3671 1253 3704 uon
1264 3659 1372 3706 idoneum

324 3705 540 3768 timr'psuferaut,
570 3707 652 3756 melna
679 3722 753 3759 nsum
786 3725 831 3774 ert,
863 3715 1009 3768 defensorum
1030 3737 1153 3771 numerum
1171 3721 1275 3771 baberet.
1321 3721 1372 3770 Vas-

325 3785 393 3833 qasm
417 3771 531 3835 nutuque
560 3775 676 3838 ungala,
710 3789 738 3824 ut
769 3778 832 3842 prius
864 3790 900 3828 rus
924 3795 961 3832 est
989 3787 1100 3844 deserens,
1140 3787 1247 3843 incultus.
1278 3801 1370 3836 meum.

323 3837 458 3912 dotatum
663 3903 677 3916 ..
863 3845 940 3895 Livius
957 3865 1024 3914 supra
1041 3850 1058 3899 l.
1071 3865 1095 3900 v.
1112 3867 1132 3902 c.
1144 3855 1182 3900 53.
1204 3859 1286 3899 maon
1296 3854 1371 3900 incen-

338 3901 492 3979 ffSsrtmae
504 3907 608 3962 maro
623 3901 698 3964 sonu]
722 3903 769 3953 Vix
788 3906 831 3955 du·
862 3913 906 3958 diis
930 3914 1013 3965 urbm.
1046 3917 1079 3963 Et
1101 3917 1192 3966 Sallust.
1216 3915 1323 3977 lugunt.
1349 3931 1370 3964 r.

322 3965 388 4015 butan
398 3977 483 4031 purast,
500 3965 554 4027 qtfin
573 3965 694 4027 legendum
713 3971 752 4027 tit,
771 3985 829 4034 que-
862 3977 902 4024 ts.
942 3975 1111 4028 Mammam
1130 3983 1157 4028 ub
1176 3989 1259 4030 natura
1280 3989 1301 4028 et
1325 3981 1369 4028 bn.

322 4033 467 4080 madmodurn
494 4031 566 4078 edrdrt
591 4033 731 4097 Campanus,
757 4047 830 4083 scuro-
862 4053 926 4088 aums
946 4043 1017 4092 cuba.
1065 4046 1202 4094 Addidiuaus
1222 4046 1325 4094 uocrdam
1348 4063 1371 4103 a,

321 4109 413 4160 nmque
431 4103 536 4157 mmo
554 4098 627 4172 euvils,
649 4099 694 4146 nisi
714 4101 774 4162 quad
799 4099 830 4148 rb
861 4105 990 4155 volentibus
1010 4109 1106 4174 scriptis.
1148 4111 1200 4160 l’ur.
1229 4123 1369 4162 memorante

320 4175 362 4234 pas
380 4162 458 4238 abens
479 4173 573 4238 partes..⁴
592 4162 644 4238 'Sic
665 4179 733 4227 supra
750 4179 771 4212 c.
790 4166 827 4213 1⁹.
861 4165 977 4219 Gronorio
996 4173 1019 4221 in
1037 4187 1085 4222 nor.
1105 4175 1133 4223 ad
1152 4177 1169 4223 l.
1183 4188 1207 4224 r.
1220 4179 1291 4224 aaa
1316 4173 1368 4237 (nor

320 4237 345 4271 tn
366 4227 485 4304 Quoue
506 4225 600 4276 Oculum
626 4229 734 4276 Maera
761 4230 829 4277 narb
860 4233 923 4282 enim
943 4238 1004 4286 nihil
1018 4255 1048 4287 ex
1065 4239 1106 4288 illo
1124 4241 1240 4290 oodiread
1258 4237 1319 4287 bunc
1334 4239 1369 4288 lo·

317 4289 496 4349 pdlumraaar
513 4293 557 4339 cria
575 4307 650 4342 remu
666 4295 735 4343 tuias
750 4307 827 4342 urra-
860 4311 914 4347 rum
932 4305 1085 4368 camerinus)
1106 4321 1119 4353 a
1138 4306 1211 4370 prims
1229 4319 1300 4353 muru
1324 4306 1368 4352 hs·

320 4363 371 4402 turn
381 4367 441 4432 sac..
466 4420 472 4432 ·
689 4423 696 4438 .
859 4361 898 4410 bet
919 4375 989 4420 msa.
1030 4369 1120 4440 cereri,
1142 4383 1166 4425 et
1191 4371 1293 4441 plerique
1313 4369 1368 4428 editi

350 4418 373 4451 ⁴³
394 4419 615 4486 &notu-...ram
635 4423 709 4472 Rubra
729 4439 828 4488 quarata
859 4437 953 4484 mota.
1191 4475 1193 4482 .
1260 4439 1262 4446 '

318 4478 406 4538 firrctus
425 4484 573 4546 mussat,
588 4488 606 4540 i.
616 4503 640 4540 e.
657 4489 825 4557 decerpseram.
857 4523 861 4530 ·
889 4529 895 4538 .
972 4528 975 4538 ·
