3092 5200
481 377 557 438 ΜΒ.
571 373 702 438 xxvu.
721 375 803 436 ctu.
816 375 872 435 tx.
1139 385 1197 440 ³81

156 535 229 602 dam
249 533 381 600 Romani
403 529 568 615 Punicique
591 531 711 614 imperii
732 529 866 606 buibua3
887 529 986 592 clame
1008 543 1130 614 quoqne
1144 541 1201 596 us·
1214 547 1289 601 mc,
1303 550 1363 602 543:

156 624 237 688 vium
252 622 448 708 septuaginta
468 619 592 703 partita,
615 629 651 682 ut
675 616 759 680 omni
781 615 901 678 ambitu
922 615 1047 680 litorum
1062 619 1204 699 presidia
1215 618 1285 668 Ml
1297 616 1367 667 Μ

157 733 217 774 orae
238 710 396 774 maritima
417 717 528 770 ament.
572 703 643 789 lpse
665 701 890 768 cannatina
916 703 1054 784 equitatu
1078 705 1201 785 prosin-
1367 706 1372 713 ’

157 797 236 874 ciem
250 795 441 880 peragrabat,
461 804 495 856 ut
508 791 619 855 viseret
632 809 734 870 agros,
755 788 899 869 cultaque
914 789 954 850 ab
969 789 1093 856 incultis
1108 802 1199 854 nota.

157 894 215 961 ret,
236 895 269 945 et
283 881 408 964 perinde
430 878 569 942 dominos
584 877 723 939 laudaret
737 874 971 956 castigaretque.
1015 873 1065 937 lta
1079 885 1201 940 tantum

157 989 195 1031 sa
208 989 281 1030 cura
295 965 436 1031 nument
448 964 598 1047 provenit,
613 973 648 1026 ut
662 972 695 1024 et
705 961 836 1024 Romam
847 961 998 1037 mitteret,
1007 971 1041 1023 et
1050 959 1202 1026 Catanam

156 1055 349 1131 conveheret,
374 1051 455 1114 unde
474 1050 633 1127 exercitui,
658 1047 711 1129 qui
726 1046 767 1118 ad
780 1043 950 1110 Tarentum
964 1048 1068 1111 estiva
1080 1059 1203 1112 mnrrus

156 1139 624 1304 eppopcuaptppuffiepppgmfi
634 1220 745 1284 milites
756 1220 789 1282 in
800 1217 937 1284 Siciliam
955 1219 1001 1301 (et
1009 1233 1097 1286 erant
1104 1222 1203 1306 major

156 1331 226 1396 pars
237 1310 339 1377 latini
351 1307 484 1374 nominis
499 1306 723 1388 sociorumque)
747 1328 844 1390 prope
858 1309 962 1388 magni
977 1320 1079 1372 motus
1093 1331 1203 1373 caussa
1326 1335 1334 1344 ¹

158 1397 261 1462 fuere:
285 1399 362 1461 adeo
378 1417 417 1460 ex
433 1396 533 1478 parvis
553 1414 631 1477 sape
646 1411 825 1474 magnarum
839 1405 997 1458 momenta
1012 1417 1110 1458 rerum
1124 1417 1202 1480 pen·

157 1485 243 1547 dent.
286 1483 436 1546 Fremitus
462 1481 543 1544 eninr
567 1481 646 1546 inter
669 1477 795 1542 latinos
823 1482 983 1562 sociosque
1008 1482 1041 1544 in
1063 1483 1370 1556 concilaaflmtm

156 1581 241 1634 ortus
253 1592 261 1632 ι
278 1568 457 1632 ‘Decimum
468 1586 581 1630 annum
593 1565 769 1643 delentibus,
778 1566 938 1648 stipendiis
948 1567 1113 1632 exhaustos
1124 1591 1201 1632 esse.
1213 1568 1301 1616 erasm
1310 1580 1336 1617 tt
1470 1596 1474 1618 ·

156 1653 168 1776 ἶ
182 1656 347 1806 mannis
360 1655 454 1716 ferme
469 1653 554 1778 clade
569 1671 683 1754 magna
696 1671 844 1800 prompte.⁸
863 1653 951 1715 Alios
963 1652 996 1754 ip
1007 1653 1200 1802 :mecipq
1212 1629 1290 1747 ms
1299 1647 1345 1684 us-

157 1741 1201 1909 ‘mfflffilffiffiiilpssi'filtlintetigi?

157 1914 168 1947 ‘
183 1914 222 1976 tis
233 1914 347 1976 remitti
358 1914 390 1976 in
398 1912 550 1994 patriam
574 1912 613 1974 ab
626 1907 772 1972 Romanis
784 1921 874 1972 extra
883 1910 1005 1974 ltaliam
1015 1911 1048 1973 in
1059 1915 1200 1977 exsilium

156 1999 385 2081 ‘veriuaquam
395 1999 427 2061 in
438 1998 589 2075 militiam,
595 1996 738 2078 ablegari.
753 1996 904 2060 Octavum
909 1995 1199 2078 jamibiannumse-

33 2156 34 2160 q
155 2081 1201 2164 ‘nascereCannensemmilitem‚moriturumante,quamltaliabos·

155 2171 168 2203 ‘
181 2172 222 2234 tis
234 2171 543 2254 (qnippeunnoquum
551 2168 926 2249 maximeflorensviribus)
940 2170 1081 2233 excedat.
1104 2169 1138 2234 si
1147 2193 1200 2236 ve-

156 2259 166 2290 ‘
181 2271 261 2320 teres
267 2257 446 2320 militesnon
453 2256 579 2318 redeant
588 2255 618 2316 in
625 2255 764 2336 patriam,
773 2255 998 2336 novilegantur,
1008 2257 1090 2318 brevi
1100 2260 1199 2321 nemi-

157 2343 496 2424 ‘nemsuperfuturum
519 2340 638 2422 ltaque,
646 2340 910 2423 quodpropediem
920 2340 968 2404 res¹
977 2342 1045 2424 ipsa
1052 2356 1214 2425 negatura,

157 2429 167 2462 ‘
182 2429 416 2511 sit,pricrsquam
426 2428 612 2492 sdultimam
621 2425 1087 2509 solitudinematqueegestatem
1094 2451 1203 2512 perve-

155 2511 811 2598 ‘pianqnegandumpopulollomanoesse
831 2511 1203 2580 Siconsentientesinboc
1335 2559 1341 2566 -

154 2602 166 2635 ‘
180 2602 279 2665 socios
287 2601 558 2678 videantilomani,
571 2600 709 2683 proiecto
718 2601 757 2663 de
765 2620 843 2682 pace
852 2620 922 2663 cum
933 2599 1204 2685 Karthaginiensi-

154 2690 165 2721 ‘
179 2688 234 2751 bus
248 2687 407 2773 jungenda
417 2689 616 2769 cogitaturos.
639 2687 727 2749 aliter
742 2706 920 2768 numquam,
933 2690 1002 2751 vivo
1014 2686 1202 2770 Hannibale,

154 2774 462 2847 ‘ainebelloitaliam
474 2772 560 2836 form’
584 2772 658 2835 Haec
668 2767 1200 2858 actaincouciliisssss'l'rigintatnm
1216 2798 1320 2849 &trab

154 2860 280 2923 coloniae
295 2861 400 2945 populi
415 2859 545 2923 Romani
557 2870 654 2921 erant.
669 2859 756 2923 exiis
768 2858 942 2937 duodecim,
958 2881 1050 2941 quum
1061 2864 1203 2937 omnium
1214 2866 1338 2915 amin

154 2946 322 3027 legationes
334 2946 439 3009 Rome
449 2957 562 3021 essem,
574 2956 760 3027 negaverunt
773 2946 947 3007 consulibus
958 2967 1036 3027 esse,
1050 2953 1135 3019 unde
1144 2960 1204 3022 mi·
1215 2942 1364 3045 m}

156 3031 224 3095 lites
236 3034 456 3113 pecuniamque
475 3032 594 3093 darem.
615 3028 667 3093 Ere
678 3031 759 3091 fuere
770 3030 885 3107 Ardea,
907 3030 1038 3115 Nepete,
1053 3036 1203 3124 Sutrium,
1214 3059 1363 3110 rituam·

155 3118 246 3195 Alba,
260 3116 406 3196 Carseoli,
421 3116 511 3195 Cora,
521 3114 641 3193 Suessa,
653 3114 775 3193 Circeii,
785 3114 883 3193 Setia,
893 3115 996 3195 Cales,
1007 3119 1136 3205 Nausia,
1148 3128 1202 3193 ln.
1214 3126 1260 3177 ais.

155 3216 305 3267 teramus.
327 3201 415 3267 Nova
426 3222 458 3265 re
469 3202 607 3265 eonsules
620 3202 684 3279 icti,
696 3220 790 3283 quum
799 3203 967 3267 absterrere
975 3226 1030 3275 eoa
1041 3231 1060 3272 a
1071 3224 1137 3276 ram
1146 3217 1201 3279 de.

154 3290 287 3353 testabili
298 3289 426 3351 consilio
434 3288 559 3365 vellent,
570 3288 749 3371 castigando
759 3288 1008 3373 increpandoque
1018 3296 1097 3378 plus,
1106 3320 1200 3383 quam
1213 3318 1362 3386 cm

155 3374 263 3439 leniter
274 3376 405 3457 agendo,
416 3375 604 3459 profecturos
616 3375 685 3452 rati,
702 3376 778 3437 ‘eos
787 3395 877 3437 ausos
888 3397 955 3439 case
966 3383 1139 3447 consulibus
1151 3389 1199 3450 di.
1212 3400 1225 3432 ι
1236 3388 1304 3439 cua

155 3460 268 3540 ‘oere,'
286 3462 420 3537 aiebant,
437 3462 480 3500 ‘⁴⁴
491 3461 574 3543 quod
582 3461 733 3539 consules,
744 3461 777 3522 iu
788 3475 898 3525 senatu
906 3474 942 3527 ut
951 3472 1198 3555 pronunciarent,

154 3548 359 3623 ‘inanimum
375 3548 516 3611 inducere
536 3568 598 3609 non
613 3559 751 3629 possent.
763 3569 827 3611 nou
847 3550 930 3611 enim
945 3550 1198 3625 detrectationem

152 3634 246 3697 ‘earn
265 3654 423 3697 munerum
443 3634 568 3710 militie,
592 3634 647 3697 sed
664 3645 802 3717 apertam
821 3635 1025 3701 desectionem
1045 3664 1064 3704 a
1081 3647 1199 3729 populo

153 3720 319 3783 ‘Romano
346 3742 422 3783 esse.
459 3719 605 3783 Redirent
629 3721 730 3801 itaque
764 3742 893 3804 propere
926 3724 958 3787 in
984 3726 1131 3810 colonias,
1151 3748 1197 3812 et,

154 3808 166 3841 ‘
180 3818 336 3889 tamquam
354 3808 475 3889 integra
491 3828 533 3884 rc,
549 3806 643 3869 locuti
655 3806 762 3887 magis,
774 3828 865 3891 quam
878 3811 954 3889 ausi,
966 3822 1085 3879 tautum
1098 3818 1196 3899 nefas,

154 3894 165 3927 ‘
181 3910 249 3955 cum
262 3894 322 3954 suis
332 3893 535 3955 consulerent.
545 3890 754 3970 admonerent,
765 3894 1018 3979 nonCarnpanos‚
1029 3902 1195 3984 neque'r..

152 3979 164 4013 ‘
179 3980 313 4041 rentinos
325 4000 377 4041 eos
392 4000 469 4057 esee,
481 3980 535 4041 sed
547 3978 718 4059 Romanos3
736 3984 763 4020 ⁴⁵
771 3979 843 4042 inde
853 3982 1009 4063 oriundos,
1021 3987 1130 4051 indein
1140 4012 1195 4054 eo·

160 4113 207 4163 ⁴⁴³
230 4110 333 4175 Triginta
356 4123 404 4163 ιιιιι
423 4113 523 4175 nante]
553 4112 658 4174 Sigonim
689 4114 765 4177 aliquo
783 4130 836 4164 rear
850 4116 994 4178 interierant,
1015 4132 1055 4167 aar
1070 4121 1103 4171 ita
1116 4138 1194 4172 carate

152 4189 271 4225 enumerat
292 4190 339 4227 trec
361 4188 387 4228 et
413 4180 573 4243 quinquaginta
594 4180 657 4227 eolo.
687 4192 754 4227 erant
770 4181 907 4238 cultoribus,
923 4194 949 4231 ut
967 4184 1038 4249 copiis
1049 4184 1129 4249 juvare
1145 4188 1193 4237 tn.

153 4240 345 4291 nhaRamasns
361 4245 389 4291 ab
407 4260 432 4290 u.
449 4259 470 4291 c.
489 4243 576 4293 adhoc
594 4256 655 4291 tem.
689 4260 824 4294 mandanae
835 4258 937 4310 possent.

150 4322 193 4371 pas
224 4307 340 4355 dedtrctas.
392 4310 437 4357 ssu
458 4309 535 4357 Livius
562 4311 584 4357 in
609 4310 656 4357 anis
717 4310 740 4343 ⁴⁸
753 4308 768 4339 ⁸
781 4310 845 4364 Qum
865 4312 972 4388 mandes]
997 4310 1066 4368 Quod
1087 4318 1193 4367 meula.

150 4372 243 4431 triginta
257 4374 353 4445 poloniis
368 4388 414 4421 non
432 4374 526 4421 includit
539 4388 586 4429 ess,
600 4390 656 4435 quus
687 4375 710 4422 ln
721 4390 803 4423 senatu
814 4391 962 4438 pronunciare
979 4394 1025 4428 non
1042 4384 1190 4448 enumerent,

149 4436 247 4501 appellat
257 4437 325 4494 raba,
335 4453 357 4485 e.
367 4442 408 4487 38.
425 4437 530 4501 Reliqua
540 4442 576 4487 rel
588 4454 654 4488 erant
685 4456 732 4489 san
742 4441 862 4489 auderent.

148 4502 245 4559 smirne
256 4501 660 4565 iupmrnstrrtanibainvrlctisff
714 4504 737 4541 n
749 4504 764 4537 ι
777 4504 846 4570 tede]
861 4504 900 4559 sb
910 4505 991 4561 llam
