3092 5200
467 369 543 430 LIB.
565 361 895 430 xxlv.:cAP.XV11.
1105 404 1109 409 «
1142 366 1201 422 318

164 528 420 612 gratulantesque,
432 547 511 588 nune
527 547 633 588 manua
650 525 689 625 ad
703 523 816 624 ⁸coelum
836 521 991 598 tollentes,
1002 521 1084 582 bona
1097 517 1202 580 omnia
1212 531 1350 644 nuspa

164 598 1310 781 ἓιῖιιὲιιὲιὲῗιῗξῗιὲἵιιὲῗιιῗὲιῗιῖξὲιῗιιζιῖζῗιέιιῗιΜ
1327 599 1353 647 ⁴‘

164 787 264 850 ‘nota
277 788 391 849 strenui
403 798 456 848 aut
470 786 569 868 ignavi
581 785 684 846 militis
699 793 821 845 notasse
834 781 926 842 volui.
948 777 1050 854 Nunc,
1065 777 1206 840 exsoluta

164 875 180 936 ‘.
185 873 251 956 jam
269 874 330 935 fide
344 873 475 957 publica,
488 894 526 933 ne
545 872 706 933 discrimen
727 866 1206 946 omnevirtutisignaviaequepe-

164 960 180 1018 ‘.
191 973 266 1038 reat,
277 962 402 1022 nomina
411 980 528 1036 eorum,
539 958 602 1038 qui,
614 958 790 1019 detractatae
804 975 913 1036 pugnae
927 972 1088 1028 memores,
1102 970 1205 1011 seces·

166 1047 307 1110 ‘sionem
323 1047 425 1128 paullo
441 1057 511 1106 ante
526 1045 673 1119 lecerunt,
686 1042 792 1104 referri
809 1041 850 1102 ad
863 1061 913 1102 me
922 1038 1055 1120 jubebo:
1077 1037 1206 1099 citatos·
1284 1084 1289 1091 .

167 1133 252 1214 ‘que
262 1133 397 1214 singulos
414 1131 610 1214 jurejurando
625 1130 757 1212 adigam,
782 1129 839 1188 nisi
865 1126 948 1208 queis
960 1126 1082 1187 morbus
1096 1143 1208 1185 caussa

166 1219 178 1252 ‘
192 1220 260 1297 erit,
271 1241 332 1282 non
346 1220 444 1296 aliter,
450 1239 541 1298 quam
551 1227 678 1293 stantes,
687 1217 789 1276 cibum
798 1214 1026 1296 potionemque,
1037 1211 1140 1295 quoad
1149 1211 1206 1272 sti·

166 1305 182 1356 ‘-
193 1307 307 1388 pendia
314 1305 439 1382 facient,
449 1315 592 1387 capturos
605 1324 680 1364 esse.
706 1300 796 1363 Hanc
808 1301 934 1362 multam
946 1301 991 1362 ita
999 1321 1087 1381 aquo
1102 1299 1205 1360 animo

168 1392 180 1445 ‘.
194 1392 307 1472 feretis,
317 1393 343 1453 ιι
352 1391 542 1472 reputabitis,
552 1389 636 1450 nulla
646 1389 772 1470 ignavia
779 1388 975 1450 notaleviore
985 1408 1039 1448 ros
1054 1384 1207 1467 designari

168 1478 179 1510 ‘
193 1476 348 1560 potuisse.'
374 1476 500 1558 Signum
513 1475 622 1537 deinde
634 1475 807 1556 conligendi
820 1496 893 1536 vasa
907 1473 1013 1535 dedit:
1036 1473 1207 1552 militesque

169 1565 302 1646 praedam
318 1573 476 1646 portantes
491 1573 686 1642 agentesque,
697 1582 750 1642 per
766 1562 919 1622 lasciviam
929 1581 965 1622 ac
970 1559 1087 1641 jocum,
1102 1558 1146 1619 ita
1159 1559 1207 1618 lu·

171 1649 299 1714 dibundi
314 1647 521 1710 Beneventum
537 1646 664 1723 rediere,
680 1659 714 1707 ut
728 1648 767 1708 ab
790 1647 887 1728 epulis
910 1667 965 1729 per
979 1645 1130 1706 celebrem
1145 1644 1207 1706 fes·
1318 1709 1325 1715 ⁶

169 1745 296 1816 tumque
313 1735 395 1796 diem
411 1733 496 1810 actis,
513 1753 574 1794 non
590 1753 629 1793 ex
650 1732 725 1809 acie,
750 1733 858 1794 reverti
879 1732 1063 1793 viderentur.
1107 1729 1209 1792 Bene·

171 1821 293 1882 ventani
318 1841 425 1882 omnes
447 1819 536 1880 turba
564 1818 660 1879 effusa
684 1839 779 1898 quum
801 1819 921 1879 obviam
948 1818 987 1879 ad
1009 1831 1113 1898 portas
1129 1817 1210 1878 exis-

172 1918 251 1984 sent,
267 1906 430 1988 complecti
442 1905 565 1982 milites,
578 1904 734 1985 gratulari,
760 1925 867 1966 vocare
882 1905 913 1964 in
927 1904 1103 1985 hospitium.
1142 1903 1210 1966 Ad-

169 2004 279 2075 parata
293 1992 429 2054 convivia
443 1991 584 2052 omnibus
601 1993 631 2048 ⁷⁴.
644 1991 675 2052 iu
697 1991 857 2073 propatulo
870 1989 981 2051 aedium
996 1990 1118 2052 fuerant
1131 2013 1139 2050 ι
1154 2019 1157 2026 ·
1171 1989 1211 2052 ad

170 2099 208 2141 ea
222 2078 402 2153 invitabant,
418 2075 650 2157 Gracchumque
665 2079 803 2154 orabant,
829 2088 864 2138 ut
889 2076 1004 2159 epulari
1019 2077 1212 2158 permitteret

171 2164 328 2227 militibus.
371 2161 446 2225 ⁷⁵Et
470 2161 625 2224 Gracchus
647 2163 692 2225 ita
713 2163 859 2244 permisit,
889 2164 921 2224 in
951 2164 1074 2245 publico
1104 2163 1210 2245 epula-

171 2261 276 2312 rentur
306 2270 421 2311 omnes.
465 2248 546 2311 Ante
569 2269 638 2310 suas
660 2249 827 2330 quibusque
849 2253 928 2311 sores
950 2249 1070 2331 prolata
1097 2250 1214 2310 omnia.

171 2338 199 2380 ⁷⁶
207 2336 323 2418 pileati,
346 2348 399 2398 aut
434 2336 505 2397 lana
537 2335 607 2396 alba
627 2336 734 2397 velatis
768 2336 919 2418 capitibus
941 2335 1065 2398 volones
1097 2334 1214 2416 epulati

173 2432 262 2497 sunt3
286 2422 337 2483 alii
353 2422 548 2500 adcubantes,
578 2421 628 2482 olii
651 2433 778 2501 stantes,
807 2422 858 2502 qni
882 2421 971 2484 simul
997 2421 1215 2483 ministrabunt

174 2508 442 2588 vescebanturque.
485 2507 588 2590 Digna
617 2529 663 2570 res
685 2511 759 2586 visa,
781 2520 816 2570 ut
842 2509 1037 2570 simulacmm
1065 2507 1215 2569 celebrati

168 2591 237 2675 ejus
253 2594 314 2657 diei
329 2592 494 2673 Gracchus,
517 2607 679 2678 postquam
705 2595 837 2658 Romam
864 2595 965 2673 rediit,
994 2593 1078 2678 pingi
1090 2593 1214 2676 juberet

173 2680 205 2741 in
220 2680 284 2743 aede
300 2678 475 2758 Libertatis,
491 2702 582 2763 quarn
597 2693 683 2763 pater
710 2680 775 2764 ejus
805 2684 836 2744 in
853 2682 1004 2745 Aventino
1018 2703 1057 2744 ex
1072 2681 1209 2743 multati·

60 2764 68 2777 ’
174 2766 223 2829 cia
234 2768 363 2849 pecunia
374 2767 547 2829 faciendam
563 2769 679 2830 curavit
694 2769 916 2851 dedicauitque.

186 2851 318 2916 ‚XVlL
340 2852 423 2915 Dum
460 2854 523 2915 haec
557 2854 598 2915 ad
626 2852 833 2933 Beneventum
854 2868 1008 2940 gematur,
1045 2856 1211 2935 Hannibal,
1223 2870 1349 2921 Marcello

173 2938 375 3020 depopulatus
402 2960 507 3020 agrum
522 2938 771 3021 Neapolitanum,
796 2942 835 3003 ad
849 2940 962 3003 Nolam
986 2956 1086 3005 castra
1100 2956 1211 3006 movet.
1223 2937 1349 3049 ⁰⁵¹³*ss

174 3044 266 3104 quem
282 3026 333 3085 ubi
360 3025 522 3087 adventare
552 3026 658 3086 consul
682 3028 785 3102 sensit,
814 3027 1015 3110 ”Pomponio
1030 3042 1213 3111 propraetore
1225 3004 1322 3082 ΗΜ,
1351 3022 1363 3048 ⁹

174 3129 250 3173 cum
261 3130 298 3172 eo
313 3110 459 3187 exercitu,
484 3112 535 3190 qui
553 3131 645 3191 super
669 3109 843 3173 Suessulam
868 3114 899 3174 in
915 3114 1024 3175 castris
1037 3128 1114 3192 erat,
1129 3116 1213 3177 adci-

174 3206 220 3272 to,
237 3195 281 3257 ire
307 3194 428 3257 obviam
448 3196 529 3257 hosti
557 3208 656 3277 parat,
686 3218 743 3258 nec
765 3218 882 3259 moram
906 3199 1072 3260 dimicandi
1105 3202 1214 3263 facere.

172 3279 269 3342 ⁷⁸0³
296 3279 460 3342 Claudium
494 3276 649 3344 Ner'oneni
682 3303 751 3344 cum
785 3285 893 3345 robore
928 3285 1064 3364 equitum
1093 3288 1215 3349 silentio

175 3367 276 3431 noctis
294 3388 349 3448 per
364 3386 498 3429 aversam
522 3368 655 3430 maxime
678 3370 716 3430 ab
747 3370 834 3431 hoste
856 3381 977 3451 portam
999 3371 1133 3433 emittit:
1155 3373 1222 3435 cir-·
1270 3364 1277 3376 ’

174 3463 424 3534 cumvectumque
446 3454 566 3515 occulte
581 3455 720 3535 subsequi
745 3456 857 3517 sensim
878 3476 987 3537 agmen
1018 3458 1152 3520 hostium
1162 3458 1223 3541 jur

172 3539 237 3617 het,
261 3548 302 3615 et,
330 3558 425 3617 quum
439 3549 579 3601 coortum
600 3541 738 3622 proelium
753 3542 879 3620 videret,
896 3543 945 3603 ab
959 3554 1047 3624 tergo
1072 3566 1106 3607 se
1134 3544 1222 3627 obji‹

174 3645 270 3691 cere..
297 3622 336 3685 Id
352 3626 595 3705 erroreuiamm,
621 3646 660 3687 arr
676 3628 845 3708 exiguitate
873 3629 1032 3712 temporis,
1054 3628 1138 3700 Nero
1159 3654 1213 3701 ex·

594 3828 607 3854 ⁰
624 3820 652 3869 0.
662 3822 708 3871 del.
720 3822 796 3871 Gron.

202 3986 225 4023 74
241 3984 269 4033 lu
287 3986 403 4047 propatulo
422 3984 512 4048 edium]
540 3985 567 4034 ld
587 3996 630 4043 ert,
650 3998 677 4036 ut
740 3990 762 4027 '1⁵
778 3986 810 4037 Et
827 3988 941 4040 Gmeelua
960 3995 991 4042 ito
1004 3997 1144 4056 misique
1157 4000 1215 4059 pub·

169 4061 234 4101 ιιιιι
263 4050 360 4114 explicat
388 4049 505 4113 Dujatiur,
529 4051 588 4099 intra
617 4052 677 4100 rader
708 4055 760 4117 lico]
776 4054 1145 4122 Vocabitar‘rdeturpostulrre,
1160 4065 1214 4113 ιιιι

171 4118 273 4180 qudam,
292 4116 330 4163 rad
349 4116 400 4163 loco
414 4126 503 4178 aperto,
519 4117 676 4179 nudoquerub
705 4119 806 4181 publico:
821 4122 967 4183 qoodntonet
977 4124 1090 4185 Sigonius.

171 4181 264 4231 uberis
279 4196 330 4229 ιιι.
361 4181 397 4228 At
415 4182 440 4228 tn
457 4181 544 4243 publico
561 4193 596 4229 est
611 4194 675 4231 extra
736 4180 759 4219 ⁷⁸
777 4183 869 4246 ermes]
889 4185 977 4235 Pilum
998 4200 1047 4237 erat
1068 4191 1156 4253 infigar
1175 4207 1213 4241 re·

172 4247 241 4304 ndu,
268 4246 292 4293 in
318 4245 366 4307 ipss
390 4246 426 4293 ria
454 4244 550 4309 publica.
583 4246 674 4309 ltaque,
706 4249 910 4312 ιιῐιιιιὶδιιιιιίι.

172 4324 243 4373 qaum
260 4309 379 4359 Gracchus
396 4324 442 4359 nou
463 4310 600 4373 permisisset
615 4312 675 4359 mili·
737 4314 759 4351 77
786 4313 902 4376 Porum
920 4318 1059 4385 propatore]
1084 4320 1140 4368 vu.
1161 4332 1213 4372 not.

170 4374 232 4427 tibm
252 4374 347 4437 eprrluri,
365 4374 453 4423 ulrice
469 4376 519 4436 lege
540 4387 566 4423 ut
580 4376 604 4423 iu
620 4376 674 4439 pub-
707 4381 748 4427 5³.
760 4380 820 4426 alo.
833 4382 871 4428 ld.
881 4396 957 4444 ιιψιι.

170 4439 381 4499 licouerrerentur,
392 4440 677 4491 Beneventanirnteiorer
738 4442 761 4479 7⁸
779 4443 806 4489 0.
817 4443 936 4492 claudian
947 4444 1067 4511 Nema]
1079 4448 1216 4517 Ancum

173 4502 660 4571 quuqoeprsrusemonoaueunur.
707 4518 879 4571 γιιιοιιιιιιιι
891 4510 1020 4562 aarum
