3092 5200
442 354 905 443 mnnxvtosnr'rxxnr
1141 339 1207 444 aas

153 559 258 622 poenas
279 559 390 623 negare
409 549 561 622 poterant,
580 560 637 602 nec
658 540 780 624 tyranni
801 549 900 617 erant,
924 538 956 600 in
980 556 1055 620 quos
1076 540 1197 624 culpam
1210 557 1353 610 tantm.

155 627 347 711 conferrentr
369 627 423 689 sed
440 627 513 712 ratis
528 647 653 710 pensum
668 645 840 709 poenarum,
851 636 900 687 tot
909 645 1027 690 veneno
1041 626 1199 704 absumtis,
1210 625 1280 677 M·
1290 623 1347 676 2¹⁰·

309 714 316 728 .
463 713 471 728 .
634 713 641 727 .
692 742 695 747 „
952 712 963 743 ι
1173 713 1180 730 .

154 708 1198 883 tlmttpttltttttttttt‘Stlttaltttllll.

153 885 165 919 ‘
180 884 218 947 de
241 907 275 948 se
296 885 415 968 gamus
429 886 632 965 consulerent,
646 884 799 969 inpulerit,
815 905 873 948 nee
891 885 1014 963 pictoris
1029 885 1075 946 ira
1089 886 1199 968 capitis

154 971 388 1051 ‘damuaverit3
419 993 471 1034 eos
496 973 667 1034 libertatem
692 972 749 1034 aibi
772 973 906 1054 suisque,
927 983 959 1033 et
973 971 1122 1034 bonorum
1141 971 1197 1032 ali-

155 1055 271 1140 ‘quam
294 1069 414 1141 partem
439 1079 536 1138 orare,
562 1059 642 1120 cives
666 1057 832 1136 Romanos,
854 1056 1061 1120 adfinitatibus
1082 1058 1199 1141 pleros·

156 1142 167 1177 ‘
181 1165 240 1226 que
254 1157 286 1208 et
300 1145 475 1230 propinquis
491 1144 557 1226 jam
573 1144 804 1226 cognationibus
818 1147 845 1191 ⁷⁸
855 1165 895 1206 ex
908 1144 1060 1206 connubio
1078 1154 1198 1208 venato

153 1227 319 1313 ‘junctos'
363 1229 519 1295 Submotis
534 1231 645 1294 deinde
661 1253 678 1293 e
692 1231 820 1314 templo,
836 1231 999 1314 paullisper
1016 1230 1209 1309 dubitatum,¹

154 1337 194 1378 an
219 1319 414 1380 arcessendus
437 1339 456 1380 a
479 1315 585 1401 Capua
607 1317 646 1389 Q.
668 1315 788 1380 Fulvius
810 1328 900 1395 esset,
936 1317 1085 1398 (mortuus
1116 1318 1198 1379 enim

153 1416 225 1486 post
246 1415 369 1487 captam
390 1405 416 1451 ⁷⁴
429 1401 572 1466 Claudius
593 1404 697 1466 consul
720 1403 799 1484 erat)
823 1418 858 1466 ut
879 1424 982 1466 coram
1004 1405 1197 1488 imperatore,

155 1490 207 1572 qui
222 1511 270 1552 res
290 1490 443 1572 gessisset,
463 1491 543 1552 sicut
556 1490 636 1552 inter
650 1487 833 1554 Marcellum
847 1487 1024 1574 Siculosque
1045 1490 1197 1574 discepta-

154 1587 219 1638 tum
234 1576 344 1655 fuerat,
360 1576 598 1659 disceptaretur:
622 1577 703 1655 dein,
721 1596 814 1659 quum
828 1579 855 1623 ⁷⁸
869 1575 916 1638 M.
926 1576 1065 1655 Atilium,
1078 1575 1114 1639 C.
1126 1575 1197 1640 Ful-

154 1662 236 1723 vium
248 1662 373 1725 fratrem
389 1661 500 1741 Flacci,
520 1662 638 1744 legatos
659 1662 735 1744 ejus,
747 1684 783 1724 ac
799 1662 838 1734 Q.
853 1661 1024 1725 Minucium
1041 1661 1197 1726 etlaVe-

155 1747 267 1810 turinm
286 1746 455 1827 Philonem,
471 1749 545 1810 item
563 1747 682 1811 Claudii
699 1750 826 1830 legatos,
838 1749 889 1834 qui
906 1748 1045 1811 omnibus
1058 1750 1198 1831 gerendis

156 1834 244 1894 rebus
267 1833 437 1913 adsuerant,
458 1836 489 1896 in
509 1818 616 1897 senalu
636 1835 785 1914 viderent,
806 1856 864 1897 nec
884 1833 1021 1897 Fulvium
1039 1835 1157 1898 avocari
1178 1857 1198 1896 a

155 1917 272 2002 Capua,
293 1942 349 1983 nec
369 1921 481 1983 differri
497 1919 672 2004 Campanos
687 1921 801 1984 vellent
810 1944 820 1998 ;
843 1923 1046 2004 interrogatus
1059 1933 1195 1984 ‚senten-

75 2017 80 2026 “
156 2006 232 2066 tiam
253 2003 300 2068 M.
325 2005 438 2068 Atilius
463 2006 608 2088 Regulus,
631 2007 716 2089 cujus
741 2029 780 2070 ex
805 2008 853 2088 iis,
877 2008 927 2089 qui
943 2008 983 2069 ad
997 2007 1134 2090 Capuam
1149 2007 1196 2068 fu·
1209 2016 1353 2095 tamarit„

155 2102 252 2170 erant,
276 2093 410 2156 maxima
423 2093 588 2154 auctoritas
603 2105 690 2172 erat;
713 2094 724 2127 ‘
739 2092 775 2156 In
794 2092 1068 2176 consilio‚’.inquit,
1089 2093 1102 2128 ‘
1116 2092 1197 2156 arbi·
1209 2095 1330 2136 mm·

154 2177 243 2241 ‘tror
257 2199 307 2240 mc
322 2178 412 2240 fuisse
430 2179 613 2257 consulibus,
635 2179 743 2262 Capua
764 2192 866 2263 capta,
889 2200 983 2262 quum
1006 2191 1196 2262 quareretur,

154 2263 281 2346 ‘ecquis
296 2262 522 2348 Campanorum
539 2265 577 2327 de
594 2265 748 2349 republica
769 2275 876 2328 nostra
897 2266 975 2328 bene
998 2266 1124 2328 meritus
1146 2287 1196 2328 es·

154 2349 226 2412 ‘set
235 2371 246 2427 3
270 2350 346 2412 duas
361 2350 501 2412 mulieres
517 2362 706 2434 compertum
722 2362 778 2429 est,
793 2349 931 2413 Vestiam
955 2352 1090 2434 Oppiam
1107 2350 1196 2413 Atel-

154 2435 279 2498 ‘lanam
310 2434 421 2520 Capua
450 2437 650 2515 habitantem,
682 2449 715 2499 et
743 2437 906 2500 Fauculam
944 2435 1094 2515 Cluviam,
1131 2459 1196 2518 quae

154 2521 331 2607 ‘quondam
354 2533 500 2607 quaestum
516 2544 641 2608 corpore
666 2523 788 2586 lecisset
797 2547 807 2603 3
831 2523 914 2585 illam
930 2523 1066 2605 quotidie
1081 2524 1197 2586 sacrifi·

153 2608 262 2671 ‘casse
277 2630 333 2693 pro
347 2610 445 2672 salute
468 2620 501 2673 et
522 2611 652 2673 victoria
674 2610 779 2693 populi
796 2610 951 2688 Romani,
974 2612 1054 2673 hanc
1069 2608 1196 2693 captivis

152 2695 336 2777 ‘egentibus
351 2696 497 2759 alimenta
511 2697 590 2759 clam
606 2697 826 2780 suppeditasse.
865 2696 1044 2759 Ceterorum
1059 2698 1196 2759 omnium

152 2781 403 2865 ‘Campanorum
427 2782 568 2845 eumdem
590 2802 664 2865 erga
685 2804 741 2845 nos
757 2784 904 2859 animum,
926 2780 1014 2865 qu'em
1031 2782 1196 2865 Karthagi-

151 2868 162 2900 ‘
176 2868 338 2946 niensium,
354 2867 468 2930 luisses
494 2869 651 2950 securique
666 2888 824 2951 percussos
838 2890 858 2930 a
870 2869 910 2940 Q.
926 2868 1032 2931 Fulvio
1046 2890 1113 2931 esse
1127 2890 1194 2932 ma·

152 2954 163 2985 ‘
177 2953 235 3034 gis,
250 2974 377 3035 quorum
393 2953 527 3033 dignitas
542 2954 621 3016 inter
636 2954 723 3031 alios,
746 2974 838 3035 quam
861 2974 989 3036 quorum
1012 2956 1061 3017 cul
1116 2958 1193 3017 erni-

153 3038 281 3101 ‘nebat
326 3038 383 3100 Per
406 3051 546 3101 senatum
571 3041 621 3121 agi
645 3039 682 3102 de
699 3038 876 3121 Campanis,
898 3041 950 3121 qui
965 3040 1045 3103 cives
1061 2977 1194 3102 itbmant

153 3124 164 3158 ‘
178 3136 261 3202 sunt,
275 3122 392 3206 injussu
406 3124 509 3207 populi
523 3145 587 3187 non
600 3124 691 3186 video
702 3146 801 3207 posse.
816 3125 908 3206 idque
923 3136 955 3187 et
969 3126 1051 3209 apud
1065 3125 1196 3208 majores

154 3209 301 3273 ‘nostros
334 3212 361 3257 ⁷⁸
386 3210 418 3273 in
452 3208 619 3273 Satricanis
645 3209 761 3275 factum
788 3223 845 3288 est,
875 3230 968 3292 quum
986 3207 1208 3290 „defecissent”

153 3294 213 3358 ‘ut
240 3294 288 3359 M.
311 3295 462 3359 Antistius
491 3296 628 3360 tribunus
657 3296 755 3381 plebis
791 3297 873 3378 prius
910 3298 1100 3379 rogationem
1134 3297 1195 3361 ser·

177 3470 204 3547 '⁷³
225 3467 260 3518 Er
278 3470 383 3547 aorarqbio
402 3467 495 3546 νείκης]
521 3468 592 3519 euna
607 3470 657 3534 Jam
689 3468 989 3548 Liviotarpcitoexcidisqs
1007 3470 1131 3520 verisimile
1147 3486 1196 3521 noir

150 3534 657 3662 ttttmtttttlttttttttttt:
688 3534 1196 3667 tt..l¹t.¹ttt;.t¹lt.⁰t‘t.”tff

149 3664 399 3779 ntmffiqioeoegeffff:
420 3664 482 3743 upde
498 3666 586 3779 sactutqr
604 3677 656 3715 erat
687 3666 731 3777 qim
750 3666 861 3779 Ἥήι.
893 3665 949 3715 vu.
969 3678 1019 3716 nor.
1038 3668 1063 3717 2.
1084 3667 1112 3716 ad
1131 3683 1153 3717 e.
1174 3671 1196 3718 Ι.

152 3746 258 3779 usi
373 3744 432 3778 roo
509 3745 656 3779 erareas·
705 3746 827 3781 urrs.

151 3796 204 3844 deur
215 3811 275 3860 sepe
286 3796 366 3844 domos
383 3741 513 3857 iterum
525 3796 656 3858 iterumque
718 3748 742 3831 '⁷⁵
759 3794 795 3845 M.
813 3794 919 3852 Atilium,
936 3793 964 3844 0.
982 3792 1210 3861 Fuluiamfiutresr,

148 3863 308 3925 Jungerentur.
339 3860 417 3923 Atque
435 3858 488 3909 inde
503 3860 656 3924 propinquitas
687 3856 776 3920 Flacci,
795 3859 875 3923 legatos
887 3858 946 3922 o'as]
962 3858 1018 3909 Put.
1028 3859 1096 3919 liber,
1112 3872 1137 3909 er
1148 3875 1197 3910 tres

149 3924 317 3986 cognationum.
350 3922 459 3987 Alioquin
478 3934 586 3973 ottanum
603 3940 655 3973 aar.
688 3924 748 3973 aliie
759 3921 948 3985 assumserim
959 3922 1044 3987 Flacci,
1053 3925 1133 3987 legatos
1141 3926 1196 3987 ejas

151 3990 242 4037 nanum
261 3997 369 4051 morona,
388 4004 435 4038 non
454 3990 591 4055 propinquas
605 4004 657 4051 cog·
688 3988 742 4037 Nec
759 3989 881 4052 quidquam
898 3999 961 4036 verat
977 3988 1015 4035 M.
1033 3989 1131 4037 Aritium
1149 3991 1195 4037 tn·

149 4054 254 4103 artiones
271 4065 384 4115 urucam.
689 4066 749 4102 uem
767 4068 817 4103 ease
835 4052 919 4109 Flacci,
934 4053 977 4101 ersi
995 4052 1085 4101 diverso
1101 4055 1195 4103 nomiae

181 4119 204 4157 ⁷⁴
221 4118 329 4167 Claudius
344 4116 430 4184 masal]
448 4119 475 4166 ld
495 4130 541 4180 aar,
558 4132 656 4183 procon-
688 4118 727 4179 sir,
744 4120 793 4167 slve
809 4133 839 4165 ex
849 4118 928 4166 dem
939 4129 1031 4166 rantum
1040 4131 1114 4167 matrs
1123 4132 1197 4177 orem,

148 4182 219 4232 suls:
241 4184 430 4248 quemadmodum
450 4184 519 4244 tntn,
542 4183 586 4233 boc
609 4184 657 4247 ipso
687 4182 735 4232 sire
757 4198 799 4248 per
818 4182 962 4245 adoptionem
980 4183 1006 4231 iu
1017 4183 1144 4232 Arilioruru
1158 4184 1194 4233 fa·

149 4248 243 4311 cupite:
268 4246 297 4296 lrr
314 4249 401 4295 consido
423 4248 517 4297 arbim
537 4246 656 4314 mosultro
688 4247 970 4296 milismadseituainerit.

148 4312 269 4361 madibus
286 4312 365 4373 Capua
382 4320 455 4375 capta.
488 4312 574 4377 Neque
592 4315 655 4362 enim
718 4311 742 4349 '¹⁶
764 4312 794 4361 Ia
810 4309 943 4377 sanam]
968 4312 1007 4360 De
1025 4312 1193 4363 samm

149 4376 252 4439 &paam
270 4376 363 4424 Fulvius
382 4388 408 4425 et
427 4376 535 4428 mundius
551 4378 657 4429 eonsules
686 4378 816 4427 delectione
827 4376 854 4425 ad
866 4376 981 4427 Samnitas
991 4378 1193 4439 cristinam.

147 4452 267 4505 ceperunt,
287 4441 327 4489 aad
347 4442 459 4491 emulari
484 4443 579 4509 irnperio
603 4454 654 4508 post
686 4459 709 4493 c.
721 4444 761 4492 16.
793 4442 901 4503 aerque
915 4441 1126 4495 tricamerata
1141 4457 1193 4493 me·

148 4516 254 4559 ermom
272 4506 428 4571 ambiremus
439 4519 574 4575 prorogator
595 4508 654 4574 qood
686 4506 1092 4574 morsumqsileariotuasmmisit.
