3092 5200
354 355 414 414 264
744 341 958 412 ml'utvn'

188 505 330 564 uosm-
357 503 512 572 Hanm'bsl
527 491 709 570 Tarentinos
721 503 894 568 sine'srmis
915 506 942 589 ⁸7
950 497 1118 570 convocare
1131 501 1252 589 jubee‘
1280 499 1400 572 Conve-

188 574 222 628 A.
233 574 263 628 ⁰·
273 578 330 630 ²¹²·
357 615 430 656 nare
444 613 560 670 omnes,
570 601 770 674 preterquam
778 593 842 674 qui,
857 591 997 676 cedentes
1006 595 1039 656 in
1051 613 1168 674 arcem,
1185 592 1346 658 Romanos
1360 595 1403 658 sd

357 699 478 742 omnem
501 678 672 758 adelindam
701 678 792 741 simul
819 679 970 741 forbrnam
995 679 1146 762 prosecuti
1159 677 1162 687 '
1175 679 1313 747 ruarmo
1353 679 1401 744 Ibi

188 754 308 834 ΜΝ
356 764 521 844 Hannibal,
541 765 672 848 benigne
698 759 868 828 adlocutus
883 765 1075 846 Tarentinos,
1103 764 1306 850 teststusque,
1332 786 1400 848 quae

127 911 131 916 .
186 819 344 938 ξᾞῖξζ
355 851 543 935 prestitisset
556 852 672 930 civibus
686 873 803 932 eorum,
817 853 895 933 quos
907 853 948 915 ad
959 851 1171 916 Trasimenum
1185 866 1239 916 sut
1259 854 1300 918 ad
1314 851 1400 916 Cau·

186 948 293 1014 laquem
354 945 409 1001 u'as
424 938 566 1021 cepisset,
589 939 678 1002 simul
691 941 730 1002 'in
755 939 995 1019 dominationem
1016 941 1175 1022 superbsm
1189 939 1399 1002 Romanorum

353 1025 500 1108 invectus,
515 1025 650 1109 recipcre
661 1048 693 1088 se
708 1027 740 1087 in
754 1018 867 1090 domos⁴
879 1047 950 1088 suas
961 1046 1109 1110 quemque
1119 1026 1222 1108 jussit,
1236 1038 1270 1089 et
1283 1026 1399 1100 foribus

354 1130 468 1173 nomen
491 1132 580 1173 suum
605 1113 789 1175 inscribere:
804 1134 846 1191 'se
870 1113 977 1192 domos
1000 1131 1148 1193 esquuae
1169 1113 1322 1195 inscriptae
1335 1133 1399 1174 non

343 1199 466 1286 essent,
481 1198 570 1280 signo
585 1200 742 1280 externplo
751 1198 837 1278 doto,
852 1198 942 1281 diripi
949 1197 1112 1278 jussurum.
1128 1197 1131 1204 '
1155 1196 1188 1259 Si
1199 1199 1270 1280 'quis
1280 1197 1397 1261 inbos-

353 1284 433 1364 pitio
447 1283 520 1347 civis
529 1283 667 1366 'Romani
691 1284 851 1364 (⁶⁸vscuss
865 1295 968 1347 autern
982 1285 1129 1346 tenebant
1138 1283 1257 1366 domos)
1283 1304 1397 1348 nomen

355 1369 567 1454 inscripsisset,
582 1391 653 1434 emn
667 1392 700 1432 se
714 1392 771 1454 pro
785 1371 872 1435 hoste
885 1370 1070 1434 habiturum.
1096 1369 1252 1433 Concione
1262 1372 1398 1449 dimissa,
1489 1449 1495 1456 Ι

374 1476 447 1518 uum
461 1456 556 1520 titulis
575 1468 690 1520 notatoe
704 1457 784 1520 fores
798 1457 960 1521 discrimen
980 1448 1097 1540 pacata
1121 1457 1160 1518 ab
1180 1457 1283 1520 hostili
1302 1441 1397 1520 domo

353 1475 508 1621 deessent,
530 1544 617 1626 signo
633 1544 719 1622 dato,
743 1544 784 1620 ad
798 1544 969 1626 diripienda
982 1543 1118 1626 hospitis
1129 1538 1272 1606 Romsns
1283 1544 1396 1627 passim

354 1625 525 1692 discursum
540 1640 597 1692 est.
612 1641 644 1692 et
659 1629 717 1710 fuit
727 1631 835 1712 prsrdae
848 1629 1047 1710 aliquantum.
1182 1663 1187 1674 ·
1202 1687 1205 1690 .

396 1713 455 1794 XI.
478 1715 602 1778 Postero
625 1715 676 1778 die
702 1715 741 1777 ad
765 1715 1002 1798 obpugnandam
1025 1735 1127 1779 arcem
1145 1715 1251 1779 ducits
1274 1721 1400 1800 ”quam

272 1863 275 1868 ,
354 1820 446 1880 quum
462 1812 494 1864 et
505 1801 595 1880 mari,
611 1822 672 1883 quo
687 1801 718 1863 in
738 1801 903 1884 peninsula
917 1792 1134 1886 modum'pars
1158 1795 1258 1884 major
1269 1801 1398 1866 circum·

353 1884 457 1982 initur,
480 1887 612 1969 praeaitis
635 1887 768 1969 rupibus,
799 1900 832 1950 at
864 1888 998 1972 abipsa
1031 1891 1117 1960 urbe,
1133 1910 1222 1952 muro
1252 1901 1285 1953 et
1317 1889 1399 1954 fossa

350 1983 605 2138 ῖῖθῖῖ
620 1973 1396 2151 ῖῖῖῖῖεῖῖεῖῖεῖῖθῖε

350 2141 408 2204 bus
434 2145 522 2206 rebus
546 2159 713 2208 moraretur
723 2167 735 2223 ;
759 2160 813 2210 sut
838 2148 869 2209 in
895 2147 1018 2212 relictos
1040 2149 1105 2212 sine
1129 2148 1230 2214 vslido
1254 2148 1395 2232 prasidio

180 2217 533 2296 Anssuh'rarentinos
543 2231 680 2313 inpetum
696 2252 736 2294 ex
750 2253 832 2310 arce,
847 2235 1074 2314 quumvellent,
1097 2233 1228 2298 Romani
1248 2235 1397 2314 facerent,

181 2283 321 2409 ffpffim‘
349 2312 428 2398 vallo
448 2315 554 2376 urbem
574 2315 613 2376 ab
629 2335 697 2376 arce
720 2317 900 2410 intersepire
922 2322 1049 2384 statuit:
1072 2343 1133 2385 non
1148 2322 1213 2384 sine
1228 2319 1282 2384 ilia
1300 2322 1395 2386 etism

350 2416 415 2492 spe,
431 2417 500 2460 curn
515 2399 743 2480 prohibentibus
758 2423 835 2485 opus
854 2403 1003 2468 Romanis
1018 2429 1142 2470 manum
1157 2429 1247 2491 posse
1258 2409 1394 2486 conseri;

350 2491 393 2560 et,
408 2482 434 2542 si
449 2482 578 2546 ferocius
592 2489 863 2570 procucurrissent,
878 2511 992 2574 magna
1006 2494 1088 2557 ooede
1098 2495 1144 2557 ita
1152 2495 1309 2558 adtenuari
1319 2515 1395 2577 prae-

349 2566 418 2628 sidii
433 2568 521 2651 vires,
543 2580 578 2633 ut
597 2570 687 2636 facile
700 2595 755 2658 per
778 2598 810 2638 se
837 2577 896 2661 ipsi
909 2570 1071 2644 Tarentini
1085 2582 1192 2645 urbem
1211 2582 1251 2645 ab
1265 2574 1393 2644 iis'tne'ri

347 2666 484 2753 possent.
529 2653 592 2718 Ubi
605 2668 743 2742 'coeptum
759 2684 837 2746 opus
857 2678 915 2743 cst,
935 2666 1091 2749 patefacta
1100 2680 1225 2752 repente
1239 2678 1336 2754 ports,
1348 2665 1390 2729 ‘in

347 2752 518 2803 munientes
530 2742 668 2827 inpetum
683 2746 822 2812 fecerunt
830 2750 963 2835 Romani
976 2755 985 2814 .·'
1007 2754 1139 2837 pellique
1153 2776 1186 2817 se
1199 2754 1289 2818 statio
1302 2774 1392 2837 psssa

346 2835 403 2902 est,
415 2846 481 2907 quse
496 2848 552 2909 pro
563 2850 656 2914 opere
671 2846 748 2913 crat,
759 2847 805 2915 ut
818 2846 959 2901 successu
973 2852 1124 2904 cresceret
1134 2840 1272 2919 audacis,
1286 2843 1312 2881 ‘⁰
1321 2840 1390 2922 piu·

345 2927 453 2991 resque
477 2925 509 2975 et
531 2916 650 2999 longius
672 2920 777 3001 pulsos
794 2936 1046 3008 persequerentur
1054 2928 1075 2990 ².
1117 2925 1236 2990 'limis‘
1280 2926 1391 2988 ousta

291 3036 295 3047 .
345 2998 589 3083 coortiundique
606 3002 691 3085 Poeni
713 3019 796 3088 sunt,
821 3030 897 3093 quos
912 3012 1076 3075 instructos
1098 3014 1224 3081 adhoc
1272 3011 1392 3075 annibal

344 3088 485 3163 tenuerat
492 3110 504 3166 3
528 3108 584 3153 nec
599 3092 905 3179 sustinere'inpetum
921 3097 1065 3177 Romani,
1089 3099 1144 3161 sed
1158 3098 1198 3160 ab
1212 3098 1309 3161 effirsa
1322 3097 1394 3181 fuga

345 3165 404 3229 loci
430 3176 578 3253 angustiae
604 3197 668 3257 eos,
691 3180 889 3263 inpeditsque
914 3184 975 3245 alis
997 3204 1090 3266 opere
1105 3183 1172 3265 jam
1196 3197 1312 3267 coepto,
1335 3186 1394 3270 aiis

345 3252 494 3338 adparatu
513 3261 622 3342 operis,
643 3267 852 3330 morabantur.
877 3269 999 3349 plurimi
1021 3268 1054 3329 in
1080 3269 1194 3333 fossam
1218 3273 1391 3356 praecipita-

343 3358 424 3419 vere,
439 3344 591 3427 occisique
606 3360 677 3411 sunt
688 3350 790 3432 plures
804 3354 836 3413 in
852 3352 936 3435 fuga,
958 3372 1050 3434 quam
1064 3356 1097 3417 in
1109 3346 1225 3439 pugna.
1251 3352 1343 3421 ‘lude
1357 3370 1399 3423 et.

344 3444 420 3507 opus
436 3430 520 3521 nullo
533 3432 714 3513 prohibente
730 3436 793 3498 fieri
808 3449 953 3519 coeptum·
996 3438 1092 3504 Fossa
1105 3443 1214 3525 ingens
1228 3440 1333 3522 ducta,
1357 3438 1401 3507 et'

309 3578 312 3587 γ
342 3511 453 3573 uallum
468 3513 549 3576 intra
562 3536 629 3577 eam
645 3517 789 3599 erigitur:
813 3522 997 3607 modicoque
1010 3540 1082 3610 post
1096 3529 1255 3593 intervallo
1270 3550 1389 3592 murum

344 3596 436 3657 etiam
448 3598 557 3661 eadem
577 3602 702 3681 regione
718 3604 830 3669 sddere
844 3622 941 3691 parat,
960 3624 996 3675 ut
1014 3615 1062 3675 vel
1076 3615 1142 3677 sina
1154 3615 1296 3699 praesidio
1310 3617 1389 3679 tueri

301 3758 306 3768 ¹
343 3699 374 3744 se
400 3681 541 3781 aduersus
567 3684 723 3752 Romanos
749 3706 885 3773 possent.
937 3696 1075 3782 Reliquit
1102 3713 1208 3765 tamen
1233 3703 1388 3767 modicum

341 3767 528 3849 presidium
539 3774 563 3811 ⁶¹
575 3783 610 3834 ut
623 3774 713 3838 simul
729 3776 760 3839 in
780 3779 922 3844 faciendo
935 3803 1023 3847 muro
1039 3785 1207 3868 adjuvaret.
1225 3790 1303 3873 ipse,
1316 3802 1388 3872 pro·

678 3876 686 3908 ⁸
701 3888 881 3941 numerentur
893 3880 967 3931 Gron.
978 3882 1047 3934 Cret

340 3946 395 4055 ΜΗ
412 3948 531 4029 (infensare
538 3950 616 4033 juber]
640 3954 701 4021 tege
723 3972 752 4007 ex
768 3970 846 4012 vetere
877 3978 956 4014 arcem
966 3964 997 4014 nb
1006 3982 1034 4015 ss
1049 3978 1114 4031 perte
1125 3984 1168 4031 qna
1178 3928 1236 4017 mari
1249 3919 1388 4030 dimissui·

340 4014 778 4148 autunum]
876 4030 1078 4143 susm
1192 4031 1220 4081 ‘⁸
1239 4031 1305 4089 ’ψ’
1319 4045 1387 4079 ”²⁰⁸⁰

339 4148 392 4210 rurs
410 4140 487 4219 dopna,
502 4144 526 4191 id
542 4156 585 4203 est,
600 4150 746 4227 proprian-in
765 4150 846 4214 quibus
909 4154 959 4191 ⁶⁰⁸

339 4388 393 4500 G⁵⁹
432 4409 483 4467 uam
498 4407 690 4484 puumfletmcrr]
709 4410 771 4473 Lege
790 4426 844 4461 tum
906 4412 928 4448 ⁶¹
957 4414 989 4465 Ul
1008 4419 1074 4466 Μ
1094 4417 1252 4485 ΗΜ]
1282 4371 1403 4483 Rdi‘d'di‘v

362 4466 586 4538 ronouortornsn.
612 4470 791 4537 Intelligendum
802 4488 846 4541 stt,
876 4480 977 4540 subu
1007 4483 1121 4543 nedictus
1150 4484 1251 4541 silitum
1281 4499 1386 4558 ΜΨ*
