3092 5200
342 322 400 382 892
769 311 976 378 'rlsstdvll

177 479 211 526 u.
222 479 252 526 c.
262 479 319 530 aaa.
345 471 470 550 debant,
485 467 517 532 ln
528 466 717 534 ᾶεὰὶιίοιιειιι
728 469 876 552 acceptis,
889 467 998 532 audita
1009 467 1238 551 obpugnatione
1249 466 1399 548 Tarenti,

178 543 320 656 fficffissifi'·
346 558 411 620 dies
421 569 588 638 noctesque
603 557 853 638 cursimagminc
866 567 950 632 acto,
963 575 1067 637 qutun,
1082 555 1227 620 testinans
1242 557 1286 620 nt
1298 578 1398 640 opem

183 671 311 730 Hannibal,
346 643 761 726 fermdamcaptammbem
771 641 922 718 audisset3
937 639 995 703 ‘Fut
1004 639 1398 728 Rommn'inqmt‘suum

182 751 261 785 amm
271 747 323 800 pua
347 729 579 794 fflmmbmm
594 729 720 792 babent.
734 729 854 805 eadem,
868 747 930 809 qna
944 748 1132 810 ceperamus,
1147 727 1395 794 arte'l'areutum

182 802 266 849 Μ
274 817 329 876 :gp
348 818 360 894 ξ
375 814 551 880 amisimus!
574 813 622 878 Ne
637 827 740 877 nmen
755 813 901 896 largientis
914 814 1009 876 modo
1022 816 1207 880 convertisse
1220 838 1333 898 agmen
1342 817 1395 879 ri·

184 877 308 980 ἔξω
350 905 483 982 deretur,
506 905 604 984 “quo
626 901 828 964 constituerat
856 899 937 977 loco,
962 900 1096 983 quinque
1116 903 1213 964 millia
1233 903 1329 966 ferme
1347 903 1396 980 *ab

350 991 425 1054 urbe
448 988 551 1074 posuit
575 999 686 1050 casua.
712 987 755 1048 ibi
781 1007 896 1069 paucos
916 997 1053 1049 momnis
1077 988 1153 1068 dies,
1173 988 1397 1072 Metapontum

350 1096 417 1140 sese
432 1075 557 1157 recepit.
577 1073 649 1137 inde
669 1073 747 1135 duos
761 1071 996 1155 Metapontinos
1016 1094 1088 1136 cum
1108 1075 1206 1138 literis
1219 1077 1395 1159 principum

352 1161 417 1244 ejus
447 1161 578 1224 civitatis
599 1160 640 1222 ad
662 1158 791 1222 Fabium
811 1157 981 1222 Tarentum
1005 1161 1113 1239 mittit,
1137 1161 1230 1224 fidem
1254 1163 1295 1224 ab
1315 1183 1396 1224 con·

354 1249 420 1312 sule
433 1259 624 1329 acceptmos,
649 1246 789 1329 inpunita
812 1244 850 1306 iis
870 1246 973 1328 priora
990 1245 1069 1324 fore,
1091 1245 1349 1333 sillctapontum
1363 1253 1396 1313 ei
1458 1305 1466 1316 .

313 1387 317 1398 .
355 1355 425 1398 cum
446 1333 584 1417 prasidio
606 1331 721 1394 Pumico
741 1331 955 1415 prodidissent.
997 1330 1118 1412 Fabius,
1145 1357 1228 1414 vera,
1251 1359 1316 1421 qnae
1335 1337 1396 1400 ad·

354 1421 479 1497 ferrent,
493 1441 560 1482 esse
573 1431 668 1497 ratus,
693 1419 785 1497 diem,
810 1439 872 1500 qua
884 1439 1058 1481 accessurus
1071 1432 1154 1482 esset
1166 1421 1395 1506 Metapontum,

354 1507 533 1570 constitnit:
556 1506 720 1587 literaeque
734 1505 775 1566 ad
785 1504 937 1587 principes
951 1504 1046 1583 dedit,
1059 1527 1126 1588 qua
1136 1508 1176 1570 ad
1188 1506 1391 1572 Hannibalem

219 1589 224 1598 ’
355 1591 464 1656 delata
477 1603 558 1654 sunt.
600 1589 765 1654 Enimvero
779 1591 866 1666 lateus
879 1612 1021 1654 sucosam
1033 1591 1161 1672 fraudis,
1182 1594 1209 1657 si
1228 1617 1268 1658 ne
1281 1595 1391 1658 Fabius

355 1677 485 1762 quidem,
493 1677 567 1740 dolo
580 1677 711 1740 invictus
725 1677 841 1755 irim,
856 1677 940 1739 haud
958 1677 1064 1759 procul
1074 1678 1260 1762 Metaponto
1270 1682 1396 1754 insidias

354 1765 453 1848 ponit.
497 1763 593 1826 Fabio
603 1765 775 1848 auspicanti
786 1764 880 1845 prius,
894 1784 986 1846 φιοιιι
996 1765 1191 1846 egrederetur
1200 1765 1398 1846 ab'l'areuto,

356 1871 427 1914 ares
440 1851 535 1913 semel
548 1863 642 1934 atque
656 1851 766 1914 iterum
780 1870 843 1912 nou
858 1850 1052 1912 addixerunt.
1069 1852 1171 1914 hostia
1185 1875 1305 1936 qnoque
1318 1876 1400 1916 ωσι

357 1937 527 2000 comulenti
541 1937 625 2002 Deos
639 1957 783 2020 aruspert,
794 1936 966 1999 cavendum
979 1958 1000 1998 a
1013 1936 1120 2002 fraude
1134 1939 1235 2002 hostili
1249 1953 1281 2003 et
1291 1941 1331 2002 ab
1344 1941 1398 2002 in·

356 2023 452 2102 aldiis,
467 2023 617 2107 praedixit.
660 2021 881 2106 Metapontini,
895 2037 1057 2106 postquam
1068 2024 1110 2086 ad
1121 2028 1313 2090 constitutam
1328 2046 1396 2088 nou

356 2123 481 2174 venerat
494 2111 587 2190 diem,
614 2110 742 2188 remissi,
766 2121 801 2172 ut
825 2120 1023 2209 cunctantem
1047 2112 1245 2190 hortarennnr,
1266 2125 1397 2196 repente

193 2275 314 2342 aaut·
357 2197 1398 2366 ⁰⁰ilii“ildii'effiiliffidmi’dffifflii‘sr.

192 2342 334 2458 Ξᾞῗ
356 2368 409 2452 pio
422 2369 454 2430 in
469 2367 620 2453 Hispania
639 2389 732 2451 quum
757 2369 888 2431 hiemem
915 2379 1014 2431 totam
1036 2371 1268 2446 reconciliandis
1284 2372 1396 2433 barba·

193 2473 237 2522 da.
357 2477 460 2519 rorum
471 2455 591 2533 animis,
606 2455 718 2537 partim
733 2453 835 2530 donis,
849 2454 961 2536 partim
975 2456 1151 2519 remissione
1170 2457 1311 2520 obsidum
1321 2479 1396 2539 cap-

357 2544 555 2627 tivorumque,
570 2541 785 2618 absumsissct3
806 2537 926 2603 Fdesco
944 2540 986 2602 ad
1004 2561 1087 2620 eum,
1107 2541 1207 2607 clarus
1217 2544 1396 2607 interduces

358 2629 524 2711 Hispanos,
537 2628 632 2691 venit.
661 2626 758 2689 Erant
772 2625 887 2707 conjnx
897 2626 1044 2709 liberique
1058 2627 1123 2709 ejus
1134 2630 1216 2713 apud
1230 2629 1396 2694 Romanos.

357 2715 529 2797 sedpraeter
544 2734 612 2775 eam
628 2732 766 2785 caussam
790 2713 886 2773 etiarn
906 2712 991 2774 velut
1010 2712 1139 2779 fortuita
1159 2716 1312 2779 inclinatio
1326 2719 1395 2795 ani-

307 2852 310 2861 .
356 2819 575 2880 morumque
596 2796 779 2881 Hispaniam
801 2817 924 2859 omnem
948 2810 1097 2862 averterat
1120 2801 1162 2864 ad
1186 2800 1351 2865 Romarm
1374 2824 1397 2865 a

357 2884 473 2949 Punico
487 2884 628 2969 imperio,
641 2883 737 2946 traxit
749 2902 830 2945 euna
872 2881 991 2945 Fadem
1004 2904 1113 2947 caussa
1126 2885 1250 2950 Indibili
1263 2887 1396 2951 lllando-

357 2974 470 3054 nioqne
484 2970 553 3051 brit,
581 2968 664 3033 haud
690 2968 781 3031 dubie
804 2968 905 3030 omna
933 2966 1091 3051 Hispania
1132 2973 1306 3057 rinciprbus,
1326 2996 1397 3039 euna

357 3060 442 3123 omni
471 3057 663 3142 popularium
685 3076 789 3133 mauu,
813 3055 919 3117 relicto
947 3052 1071 3119 Hasdru
1122 3081 1151 3137 e,
1178 3061 1339 3124 medendi
1363 3063 1398 3124 in

358 3146 542 3208 inminentes
557 3142 665 3206 castris
686 3140 751 3223 ejus
777 3141 921 3219 tumulos,
942 3141 1023 3203 unde
1045 3164 1101 3225 per
1121 3147 1313 3210 continentia
1321 3147 1398 3231 juga

357 3243 442 3293 tutus
454 3242 594 3312 receptus
604 3228 646 3291 ad
656 3226 924 3297 Romnumetset..
955 3224 1140 3309 Hasdrubal,
1155 3251 1250 3314 quum
1263 3234 1397 3299 hostium

357 3336 405 3377 res
420 3318 447 3355 ⁹⁵
458 3316 552 3377 taum
560 3324 574 3353 ¹
587 3335 751 3395 augescere
763 3313 958 3375 incrementis
968 3328 1117 3395 cerneret,
1125 3338 1196 3381 snas
1210 3320 1349 3399 inminui,
1359 3343 1397 3383 ac

357 3400 434 3475 sore,
449 3410 495 3477 ut,
514 3400 572 3460 nisi
587 3398 728 3461 audendo
743 3398 857 3480 aliquid
878 3412 1024 3479 moveret,
1045 3422 1107 3483 qua
1129 3405 1299 3488 coepissent,
1321 3407 1398 3469 dure-

359 3494 437 3563 rent,
452 3483 597 3545 dimicme
620 3504 709 3566 quam
732 3484 865 3567 primum
886 3486 1003 3549 statuit.
1046 3486 1151 3573 Scipio
1174 3492 1286 3554 avidior
1301 3494 1396 3558 etism

357 3569 533 3635 certaminis
542 3580 618 3647 erat,
633 3590 726 3651 quum
737 3590 757 3630 a
770 3590 836 3654 spe,
858 3590 950 3653 qnam
963 3594 1119 3639 successus
1133 3597 1231 3639 rerum
1245 3580 1375 3660 augebat
1383 3602 1397 3660 ς

357 3670 424 3721 tum
436 3655 518 3737 quod
528 3656 620 3738 prius,
630 3676 720 3737 quam
725 3654 925 3738 jungerentur
935 3657 1068 3723 hostium
1079 3664 1240 3742 exercitus,
1251 3686 1396 3730 cnmuuo

359 3742 505 3808 dimicare
519 3742 596 3805 duce
606 3742 812 3825 exercituque,
832 3762 925 3823 quam
943 3744 1034 3808 simul
1049 3768 1121 3810 cum
1134 3750 1288 3829 universis,
1301 3754 1397 3816 male·

358 3832 423 3895 bat.
466 3826 619 3906 Ceterum,
645 3828 749 3906 etiam,
775 3828 802 3890 si
827 3849 898 3891 cum
912 3829 1047 3911 pluribus
1061 3835 1176 3916 pariter
1189 3836 1397 3903 dimicandum

357 3917 449 3995 foret,
483 3926 548 3978 arte
581 3914 713 3996 quadam
745 3915 851 3998 copias
877 3930 1014 3981 unxerat.
1046 3940 1120 3982 nam
1149 3942 1242 4003 quum
1270 3925 1397 4005 videret,

358 4003 474 4065 nullum
495 4021 560 4065 esse
578 4001 699 4065 navium
718 4022 817 4081 mum,
841 4001 914 4084 quia
932 4022 1030 4066 vacua
1047 4007 1148 4071 omnb
1165 4006 1321 4093 Hispania
1340 4032 1398 4075 ora

785 4104 886 4161 weitin
893 4102 970 4153 Gran.

389 4179 479 4257 aaa
498 4179 717 4257 meam-rm]
741 4179 798 4261 Qus
814 4183 865 4233 ue
926 4184 950 4223 s
966 4176 1399 4255 resumas-..alvu-

358 4376 1398 4507 mmnppwmqhmfflnm.mmuqnmu
