3092 5200
466 368 544 433 tls.
555 366 684 433 XXVII.
703 366 785 433 CAP.
799 366 942 433 xxv111.
1162 374 1220 431 405

189 548 255 593 sere
265 544 401 611 pugnam
415 526 525 591 deserti
538 526 579 588 ab
592 524 727 589 Etruscis
739 523 918 608 Fregellani,
928 524 1024 587 donec
1034 523 1225 626 intqgricon·
1237 537 1272 655 p.
1280 538 1312 654 g.
1320 540 1380 657 ἐκ.

187 612 1268 785 suun·
1312 662 1316 671 ·

185 788 364 863 trmsftuum
379 789 485 851 lancea
498 786 708 869 prolabentem
723 805 763 847 ex
785 804 864 866 equo
877 783 1091 846 moribundum
1111 783 1223 861 videre,
1235 806 1361 859 an„
1381 800 1385 808 ·

185 885 252 937 tum
263 886 295 939 et
310 875 367 957 ipsi
384 873 539 958 (perpauci
551 882 652 935 autem
662 870 851 955 supererant)
865 891 935 934 cum
946 868 1088 952 Crispino
1100 869 1223 935 consule
1234 874 1356 951 equitur.

185 959 302 1035 duobus
309 959 418 1041 jaculis
432 961 506 1037 icto,
529 972 563 1021 et
587 957 739 1036 Marcello
752 957 959 1036 adolescente,
978 957 1082 1020 saucio
1098 967 1130 1018 et
1143 957 1221 1040 ipso,
1234 937 1368 1054 effla

183 1046 363 1128 effugerunt.
406 1045 587 1109 Interiectus
604 1044 644 1107 A.
668 1042 804 1107 Manlius
819 1044 955 1107 tribunus
977 1043 1120 1123 militum,
1135 1057 1169 1108 et
1183 1065 1222 1107 ex
1234 1067 1303 1131 segre

185 1133 300 1196 duobus
327 1133 477 1216 prefectis
502 1133 619 1195 socium
645 1130 705 1194 Μ’.
725 1130 832 1193 Aulius
859 1130 988 1209 occisus,
1011 1128 1049 1192 L.
1071 1130 1222 1194 Arennius

183 1230 302 1301 captus.
325 1231 359 1282 et
372 1220 493 1304 limes
515 1217 673 1281 consulum
697 1218 829 1299 quinque
851 1216 910 1279 vivi
934 1217 965 1279 in
991 1216 1124 1281 hostium
1149 1230 1221 1301 pot·

182 1316 312 1369 etatem
321 1318 489 1369 venermrt:
512 1305 606 1367 ceteri
620 1317 673 1368 aut
683 1303 847 1383 interfecti,
862 1314 916 1366 aut
926 1324 996 1365 oum
1011 1304 1135 1365 consule
1145 1304 1222 1367 effu·

181 1403 301 1474 gerunt.
315 1393 433 1475 equites
440 1404 503 1455 tres
514 1402 548 1454 et
561 1391 771 1473 quadraginta,
781 1391 876 1454 autin
913 1390 1010 1469 roelio,
1025 1390 1123 1451 autin
1138 1391 1221 1473 fuga,

182 1479 369 1557 ceciderunt,
397 1478 602 1560 duodeviginti
629 1478 688 1539 vivi
717 1478 810 1560 capti.
866 1412 1098 1541 'izmultuatum
1128 1490 1160 1539 et
1189 1478 1221 1539 in

183 1566 291 1627 castris
312 1566 420 1643 luerat,
441 1575 478 1627 ut
495 1564 669 1628 consulibus
683 1564 764 1625 irent
777 1563 932 1641 subsidi03
956 1584 1048 1644 quum
1065 1563 1221 1627 consulem

181 1662 217 1714 et
228 1651 326 1715 filium
337 1652 460 1715 alterius
475 1650 606 1713 consulis
620 1648 750 1727 saucios,
774 1649 958 1731 exiguasque
982 1649 1112 1713 infelicis
1126 1671 1164 1712 ex
1187 1671 1220 1713 e·

183 1738 309 1801 ditionis
322 1738 472 1821 reliquias,
498 1736 538 1799 ad
552 1747 654 1799 castra
674 1737 829 1799 venientes
851 1748 989 1799 cernunt.
1032 1734 1118 1799 Mors
1134 1672 1221 1805 llipar·

183 1823 252 1887 celli
268 1844 361 1906 quum
381 1823 494 1906 alioqui
506 1823 687 1886 miserabilis
700 1823 770 1900 fuit,
795 1834 860 1885 tum
876 1822 958 1904 quod
972 1842 1030 1887 nec
1051 1844 1106 1905 pro
1120 1834 1221 1901 atate,

186 1907 372 1992 (majorjam
384 1912 465 1973 enim
479 1910 640 1993 sexaginta
646 1909 734 1972 annis
748 1908 827 1988 erat)
842 1928 942 1989 neque
955 1930 1010 1992 pro
1024 1908 1133 1973 ueteris
1148 1929 1221 1992 pru-

183 1996 291 2059 dentis
300 1995 397 2075 ducis,
410 2009 476 2059 tam
491 1996 646 2079 inprovide
660 2017 703 2075 se,
724 1994 945 2077 collegamque,
968 2006 1001 2058 et
1014 2015 1110 2079 prope
1125 2005 1222 2058 totam

184 2082 412 2165 rempublicam,
434 2084 466 2145 in
488 2102 621 2166 preceps
643 2082 779 2145 dederat.
822 2080 939 2144 Multos
954 2081 1035 2145 circa
1049 2102 1142 2145 unam
1157 2102 1223 2147 rem

184 2166 317 2231 ambitus
328 2170 464 2248 fecerim,
479 2169 516 2246 si,
538 2189 604 2251 quas
619 2168 659 2230 de
673 2167 819 2230 Marcelli
829 2180 929 2232 morte
939 2168 1058 2233 variant
1072 2180 1224 2248 auctores,

182 2255 287 2319 omnia
301 2256 425 2338 exsequi
438 2255 540 2317 velim.
584 2251 630 2317 Ut
644 2254 786 2317 omittam
801 2253 888 2331 alios,
903 2252 940 2317 L.
956 2252 1070 2317 Coelius
1086 2259 1113 2297 ⁵⁰
1123 2255 1223 2339 tripli·
1235 2268 1305 2319 varis
1322 2269 1385 2319 fama

183 2360 252 2405 cem
263 2341 307 2404 rei
320 2353 415 2423 gesto
428 2342 568 2405 ordinem
583 2340 670 2403 edit':
694 2361 786 2407 unam
806 2341 952 2403 traditam
968 2340 1072 2419 fama,
1097 2341 1223 2405 alteram
1236 2337 1266 2385 θ’
1277 2347 1351 2412 amp

184 2426 331 2510 scriptam
345 2428 557 2491 “laudatione
568 2426 635 2507 lilii,
648 2427 699 2509 qui
715 2426 758 2491 rei
773 2437 866 2509 gestae
877 2426 1066 2506 interfuerit3
1090 2430 1224 2510 tertiam,
1236 2400 1352 2454 ΜΝ·

181 2534 275 2594 quam
292 2514 358 2600 ipse
370 2536 427 2599 pro
441 2514 587 2598 inquisita
605 2534 641 2575 ac
666 2513 723 2575 sibi
749 2525 908 2596 comperta
927 2512 1036 2576 adfert
1080 2512 1223 2577 Ceterum

182 2601 228 2664 ita
246 2601 329 2664 fama
347 2603 456 2680 variat,
481 2615 517 2664 ut
541 2613 645 2665 tamen
670 2600 807 2684 plerique
831 2601 891 2664 loci
918 2600 1094 2683 speculandi
1116 2624 1223 2672 caussa

182 2688 290 2750 castris
303 2709 477 2769 egressum3
500 2708 606 2750 omnes
621 2687 739 2750 insidiis
751 2687 987 2750 circumventum
1003 2688 1135 2752 tradant.

224 2772 373 2838 XXVlll.
405 2773 573 2851 Hannibal,
601 2795 747 2855 magnum
777 2784 922 2836 terrorem
947 2774 1096 2855 hostibus,
1123 2787 1222 2840 morte

181 2860 314 2923 consulis
327 2863 428 2939 unius,
444 2862 566 2924 vulnere
580 2859 714 2938 alterius,
739 2858 885 2942 injectum
908 2881 974 2922 esse
995 2872 1092 2941 ratus,
1118 2862 1221 2926 necui

183 2946 304 3010 deesset
318 2948 484 3023 occasioni,
498 2957 601 3009 eastra
614 2947 647 3008 in
661 2947 822 3023 mmulum,
836 2947 868 3008 iu
887 2965 949 3027 quo
962 2959 1131 3029 pugnatum
1146 2960 1222 3028 erat,

181 3032 338 3116 extemplo
363 3032 519 3096 transfert.
545 3032 587 3094 ibi
612 3032 768 3094 inventum
797 3029 937 3093 Marcelli
964 3052 1073 3117 corpus
1102 3035 1221 3117 sepelit.

182 3115 350 3201 Crispinus,
373 3130 406 3181 et
428 3129 527 3182 morte
540 3117 675 3199 collega,
696 3127 730 3180 et
747 3136 803 3180 suo
817 3117 939 3180 vulnere
953 3117 1085 3200 territus,
1100 3121 1222 3183 silentio

182 3205 366 3286 insequentis
395 3205 505 3280 noctis
522 3202 686 3286 pmfectus,
717 3205 742 3244 ⁶¹
757 3223 833 3285 quos
859 3203 1014 3286 proximos
1042 3217 1151 3268 nactus
1174 3217 1223 3269 est

181 3301 313 3370 montes,
338 3291 370 3352 in
392 3291 429 3352 iis
444 3291 513 3353 loco
528 3289 592 3352 alto
613 3301 646 3352 et
665 3300 734 3353 tuto
751 3289 886 3371 undique
908 3299 1007 3352 castra
1020 3293 1131 3373 posuit.
1161 3289 1221 3354 lbi

181 3377 243 3441 duo
257 3378 349 3441 duces
363 3377 514 3460 sagaciter
527 3376 604 3439 moti
618 3387 698 3454 sunt,
720 3376 798 3439 alter
812 3375 852 3438 ad
867 3374 1066 3455 inferendam,
1090 3379 1167 3442 alter
1182 3377 1222 3440 ad

179 3464 348 3527 cauendam
362 3463 512 3526 fraudem.
554 3461 713 3525 “Annulo
735 3460 874 3526 Marcelli
895 3461 984 3524 simul
1005 3483 1075 3526 cum
1095 3485 1222 3548 corpore

211 3571 234 3609 tt
253 3571 370 3634 ruptim
387 3575 421 3622 ni
435 3581 500 3637 gnte
516 3572 612 3620 ordinem
629 3571 685 3629 edit,
716 3571 831 3620 Marcello
846 3569 884 3620 rel
903 3569 964 3620 dieta
981 3588 993 3620 s
1009 3572 1065 3638 alto,
1087 3572 1124 3623 rel
1138 3573 1222 3639 scripte

178 3651 249 3684 sarm
265 3636 382 3702 traditam]
406 3637 466 3689 Hes
483 3653 530 3686 aon
547 3637 685 3685 edormiunt
717 3636 781 3700 qussi
789 3637 848 3686 dicta
858 3637 947 3685 fuisset.

178 3713 321 3780 ‘suern-ut
347 3702 467 3753 debebant.
509 3701 684 3780 Emendaqdum
747 3700 769 3735 ⁶¹
797 3700 856 3778 Quor
871 3701 985 3764 prosimos]
1014 3701 1074 3752 Trea
1096 3719 1112 3782 ‚⁸
1138 3704 1223 3753 nmis

178 3781 336 3880 latit,
352 3766 683 3909 ,ltlt‘ltlinlttiss
713 3765 1221 3908 litll‘”tdltfl‚⁰t'tlt⁸¹⁰st

176 3896 684 4025 mtttlifftta‘ttlt‘ttl:
713 3895 1220 4026 {mtmrlttatsw’

179 4037 257 4074 tamen
268 4026 353 4074 faciunt
368 4027 419 4074 aliae
429 4023 530 4091 ejusdem
548 4026 597 4073 fere
613 4041 684 4087 gene·
745 4023 771 4059 θ*
788 4025 877 4074 Annulo
902 4025 1016 4089 Marcelli]
1043 4028 1129 4088 Magna
1148 4027 1220 4094 terip-

177 4090 210 4140 rir
225 4089 343 4140 anomalis
359 4091 479 4154 aliquoties
497 4106 512 4137 ι
529 4088 595 4138 nobis
609 4105 682 4139 aano-
713 4100 791 4139 torum
808 4105 898 4152 manua,
915 4089 962 4139 eivs
978 4089 1102 4150 Gracurris,
1118 4091 1165 4141 rive
1176 4102 1221 4140 uo·

176 4166 242 4216 tare,
261 4169 288 4205 ut
298 4156 316 4206 1.
327 4168 405 4234 xxru.
415 4171 437 4206 c.
447 4159 472 4206 3.
505 4155 557 4204 Nec
572 4169 626 4204 rans
641 4156 682 4204 hie
712 4154 749 4202 isia
770 4154 934 4233 inspectorum,
954 4166 979 4203 et
999 4156 1044 4206 hoo
1063 4156 1113 4205 loro
1131 4157 1243 4236 ἥψουν

177 4220 474 4349 Ριιὲῐθειῖζῗιῖἷεητιβὶἰι]
490 4283 545 4333 Mos
560 4293 609 4331 erat
623 4284 681 4347 apud
712 4219 1221 4346 qqosplrsnfflllqmqqndpqoqeptqqnuhae

177 4349 301 4408 Romanu,
325 4360 351 4398 ut
372 4351 428 4398 clari
447 4350 490 4398 riri
512 4366 528 4396 s
552 4347 682 4413 propinquis
713 4347 852 4408 Grmoviue,
871 4359 1008 4413 veteresque
1027 4352 1108 4399 dixisse
1126 4353 1220 4400 annulos

175 4430 202 4465 et
212 4417 319 4477 unguine
336 4417 462 4479 conjunctis
479 4414 569 4480 publica
578 4413 681 4462 emtione
711 4429 753 4478 pro
772 4429 821 4463 uno
843 4415 936 4473 annulo,
957 4417 1145 4479 quemadmodum
1168 4417 1220 4470 lille·
1298 4426 1301 4434 ’

176 4497 192 4530 e
211 4480 298 4529 Rostris
315 4478 391 4528 habita
403 4479 558 4529 lsrxlarentur.
589 4477 681 4544 liujus·
704 4495 746 4531 ,sor
761 4479 792 4528 de
810 4495 857 4530 uuo
875 4479 922 4532 lilio
938 4481 976 4536 vtl
991 4481 1046 4550 filie,
1064 4493 1088 4536 et
1104 4483 1174 4538 hortos
1189 4479 1219 4544 qe

176 4546 238 4598 nodi
258 4545 337 4617 procul
358 4545 428 4626 dubiq
447 4545 493 4598 fuit
512 4545 562 4598 ltere
581 4545 681 4599 umato
711 4545 845 4604 uulthem.
1091 4545 1099 4556 '
1144 4571 1150 4592 r
