3092 5200
478 412 556 471 LlB.
569 409 656 470 XXI.
678 409 770 470 CAR*
780 413 881 472 XXV.
1147 414 1184 474 st

135 589 209 632 cunr
225 569 345 651 reliquis
367 569 464 655 copiis
480 567 655 654 Pyrenaeum
677 570 907 653 transgreditur,
928 581 963 634 et
983 571 1022 632 ad
1035 571 1185 654 oppidum
1198 579 1340 648 ⁰:²³³ss

136 652 267 718 Illiberi¹
293 667 392 718 castra
416 657 507 719 locst.
563 653 643 720 Galli
667 677 852 740 quamquam
878 655 973 720 ltalia
998 657 1112 719 bellurn
1136 658 1185 719 in·
1198 645 1372 716 mmm

136 741 208 803 ferri
236 741 412 821 audiebant,
439 755 553 822 manen,
577 744 649 824 quia
673 745 703 805 vi
730 745 874 807 subactos
900 756 985 806 trans
1010 742 1184 827 Pyrenaem

67 821 71 828 ’
118 825 294 910 'Hispanos
325 829 407 890 sams
437 841 514 909 erat,
551 829 751 912 praesidiaque
781 831 883 892 valido
919 831 1062 913 inposita,
1098 841 1185 894 metu

135 915 290 976 servitutis
311 917 337 961 ⁹7
346 915 386 976 ad
399 937 487 977 arma
500 918 698 994 consternati,
723 915 929 979 Ruscinonem
948 917 1065 999 aliquot
1079 917 1192 1000 populi.

136 1001 332 1088 conveniunt.
369 1003 449 1084 quod
484 1003 535 1063 ubi
571 999 739 1064 Hannibali
770 1005 950 1066 nunciatum
979 1016 1037 1081 est,
1067 1023 1200 1064 moram.

137 1087 248 1168 magis,
274 1108 365 1170 quarn
389 1089 513 1166 bellum,
541 1100 690 1168 metuens,
718 1101 855 1151 oratores
876 1090 917 1152 ad
939 1090 1058 1172 regulos
1080 1110 1184 1151 eorum
1198 1091 1332 1173 Gellpqsbi

136 1173 408 1322 pippliitsse‘cpnloqrpi
421 1186 520 1324 :strpet
535 1176 723 1322 ipsumlpelle
738 1197 808 1238 cum
823 1177 890 1253 bis3
907 1186 941 1237 et
948 1175 996 1238 vel
1005 1176 1049 1238 illi
1061 1175 1185 1323 propius
1197 1156 1312 1208 Μ’·

253 1282 277 1322 rr
308 1282 380 1322 acce
402 1282 453 1322 ee
521 1283 557 1322 ve
714 1284 745 1322 nr
766 1283 787 1322 n
806 1283 837 1322 rn
1096 1284 1116 1322 u

135 1345 337 1430 ‘propinquo
346 1307 526 1429 congressbs
537 1283 770 1411 faolborbssbetos
787 1283 1121 1430 ξιιωρὲῗΐέἓρῒιῗιτῖιω
1132 1283 1188 1409 elii

135 1432 147 1464 ‘
163 1432 195 1516 in
207 1446 308 1495 castra
317 1455 373 1495 sua
381 1455 413 1494 se
426 1434 537 1511 letum,
549 1455 605 1496 nec
617 1444 799 1496 cunctanter
810 1456 843 1495 se
855 1435 955 1517 ipsum
967 1435 1006 1495 ad
1015 1455 1068 1496 eos
1076 1443 1187 1496 ventu-

133 1517 146 1550 ‘
162 1539 242 1602 rum.
286 1517 448 1602 Hospitem
457 1521 540 1582 eninr
551 1517 707 1598 seGalliae,
717 1542 779 1582 non
790 1522 924 1598 hostem,
931 1520 1110 1582 advenisse:
1126 1540 1186 1581 nec

134 1604 147 1636 ‘
163 1606 340 1668 stricturum
348 1617 419 1667 ante
431 1606 578 1686 gladium,
588 1607 612 1668 si
624 1627 678 1688 per
689 1603 796 1669 Gallos
809 1607 1013 1688 li'cest,.quam
1023 1607 1055 1668 in
1064 1604 1188 1668 ltaliam

136 1689 317 1752 ‘venisset'
361 1689 405 1751 Et
429 1713 483 1774 per
509 1693 637 1753 nuncios
663 1692 787 1772 quidem
808 1694 882 1755 hae.
925 1691 972 1756 Ut
993 1713 1063 1755 vero
1090 1693 1192 1775 reguli

136 1765 313 1854 Gallorum,
335 1777 441 1838 castris
457 1777 497 1838 ad
513 1775 659 1838 Illiberim
674 1778 829 1860 extemplo
844 1779 945 1856 motis,
964 1779 1049 1839 haud
1062 1789 1189 1860 gravate

136 1861 180 1922 ad
198 1861 325 1924 Poenum
340 1875 507 1939 venerunt3
535 1864 617 1944 capti
634 1863 732 1941 donis,
749 1883 819 1924 cum
832 1865 915 1924 bona
927 1884 1005 1946 pace
1020 1864 1196 1925 exereitum.

136 1969 194 2030 per
209 1948 285 2009 fines
300 1969 369 2009 suos
405 1959 489 2009 rates
506 1947 714 2011 Ruscinonem
729 1949 877 2032 oppidum
891 1949 1141 2011 transmiserunt.-

181 2032 284 2096 XXV.
307 2032 343 2094 ln
375 1969 496 2095 ltaliam
535 2035 658 2096 interim
700 2036 777 2095 nibil
814 2035 905 2112 ult'ra,
947 2055 1040 2115 quam
1068 2033 1190 2096 lberam

137 2118 282 2182 transisse
298 2117 516 2198 Hannibalem,
541 2141 560 2180 a
575 2117 814 2180 Massiliensium
837 2119 945 2201 legatis
962 2119 1094 2182 Romam
1158 2142 1188 2181 r-

137 2205 234 2268 latum
250 2217 340 2268 erat:
364 2226 458 2288 quum
473 2206 610 2290 perinde,
635 2226 670 2267 ac
685 2205 710 2266 si
725 2205 820 2288 Alpes
840 2204 907 2287 jam
922 2207 1091 2284 transisset,
1135 2206 1187 2284 oii,
1200 2210 1251 2260 Boii
1261 2212 1287 2261 in
1297 2210 1348 2264 lte·

137 2291 309 2355 sollicitatis
337 2289 522 2371 Insubribus,
550 2291 746 2369 defecerunt3
773 2313 831 2353 nec
855 2303 920 2353 tam
946 2294 987 2354 ob
1013 2304 1129 2355 veteres
1154 2293 1187 2354 in
1198 2273 1315 2393 wlff·

137 2379 285 2462 populum
311 2377 485 2440 Romanum
510 2379 580 2458 iras,
608 2399 699 2460 quam
724 2379 807 2460 quod
832 2399 928 2461 nuper
952 2379 1034 2440 circa
1058 2377 1187 2459 Padum,
1249 2377 1258 2396 ‘

138 2451 327 2528 Placentiam
343 2463 587 2548 Cremonamque
613 2465 749 2527 colonias
773 2465 805 2526 in
830 2486 936 2548 agrum
957 2463 1108 2528 Gallicum
1131 2465 1187 2527 de·

138 2550 247 2631 ductas
273 2571 351 2635 agre
377 2552 581 2634 patiebantur.
626 2549 744 2634 ltaque,
772 2552 864 2613 armis
888 2563 1014 2635 repente
1041 2553 1202 2637 adreptia.

137 2638 170 2699 in
195 2660 264 2701 cum
288 2639 387 2721 ipsum
412 2660 518 2721 agrum
542 2640 647 2722 inpetu
669 2638 764 2717 iacto,
790 2650 910 2701 tantum
933 2640 1056 2701 terroris
1078 2661 1114 2701 ac
1137 2654 1187 2704 tu-

137 2724 253 2788 niultus
269 2724 417 2804 fecerunt,
444 2739 480 2788 ut
504 2747 564 2789 non
590 2726 716 2808 agrestis
741 2725 835 2787 modo
859 2726 1035 2804 multitudo,
1060 2725 1115 2788 sed
1130 2727 1207 2811 ipsi,

137 2811 288 2874 triumviri
315 2812 460 2891 Romani,
487 2814 538 2893 qui
572 2812 613 2874 ad
645 2833 751 2895 agrurn
780 2823 927 2874 venerant
952 2812 1205 2895 adsignandum,
1238 2826 1243 2835 ’

139 2898 228 2980 diffisi
254 2896 415 2961 Placentia
442 2899 602 2977 moenibus,
629 2896 786 2961 Mutinam
811 2898 1014 2980 confugerint,
1044 2897 1190 2962 muta-
1298 2899 1301 2907 '

135 2984 210 3068 tius,
225 2984 261 3046 C.
274 2983 428 3063 Servilius,
447 2982 487 3047 T.
504 2984 631 3047 Annius.
675 2984 791 3048 Lutatii
817 3006 931 3046 nomeu
954 2986 1037 3047 baud
1060 2986 1188 3048 dubium

136 3080 196 3133 est.
220 3091 277 3152 pro
301 3068 337 3131 C.
353 3068 481 3131 Servilio
507 3084 539 3131 et
552 3068 591 3132 T.
602 3070 715 3150 Annio,
741 3072 783 3142 Q.
799 3072 934 3133 Acilium
959 3083 991 3133 et
1013 3071 1050 3133 C.
1067 3070 1187 3134 Heren-

136 3156 227 3237 nium
242 3156 358 3217 habeut
380 3154 506 3235 quidam
529 3156 668 3216 annales:
696 3157 746 3219 alii
771 3156 805 3216 P.
820 3155 997 3218 Cornelium
1012 3158 1142 3219 Asinam
1156 3168 1189 3219 et

137 3240 176 3321 C,
194 3240 348 3324 Papirium
365 3238 537 3301 Masonem.
582 3240 619 3301 ld
642 3260 761 3321 quoque
785 3241 911 3301 dubium
938 3254 995 3318 est,
1019 3241 1124 3323 legati,
1150 3242 1191 3302 ad

138 3326 397 3411 expostulandum
425 3326 508 3386 missi
536 3326 575 3387 ad
590 3324 682 3387 Boios
691 3326 716 3403 ¹¹,
742 3326 847 3388 violati
870 3328 942 3405 sint,
968 3346 1008 3387 sn
1027 3328 1060 3388 in
1083 3328 1191 3389 trium-

134 3415 218 3477 viros
250 3433 356 3494 agrum
387 3422 540 3473 metantes
569 3412 690 3493 inpetus
716 3413 757 3473 sit
785 3412 894 3475 lactus.
939 3410 1071 3475 Mutina
1097 3434 1191 3495 quum
1202 3420 1350 3476 nmmos

136 3500 361 3581 obsiderentur,
392 3509 425 3559 et
453 3518 539 3579 gens,
574 3498 614 3558 ad
645 3498 919 3581 obpugnandamm
958 3500 1078 3561 urbium
1109 3511 1190 3563 artes
1202 3502 1271 3560 Ψ·

136 3586 231 3663 rudis,
255 3584 421 3667 pigerrima
444 3581 551 3644 eadem
574 3584 615 3645 nd
639 3584 786 3647 militaria
807 3606 912 3667 opera,
935 3587 1037 3668 segnis
1065 3588 1190 3649 intactis

137 3673 292 3735 adsideret
315 3670 420 3747 muris,
443 3669 577 3731 simulari
601 3683 736 3752 coeptum
759 3672 797 3733 de
821 3692 898 3753 pace
921 3673 983 3754 agi.
1010 3674 1189 3757 evocatique

137 3758 177 3821 ab
192 3756 353 3821 Gallorum
378 3756 565 3838 principibus
588 3758 683 3838 legati
706 3758 746 3821 ad
771 3758 978 3840 conloquium,
1004 3780 1066 3821 non
1081 3772 1195 3822 contra.

131 3843 185 3932 jus
200 3844 294 3907 modo
310 3842 459 3925 gentium,
487 3842 541 3903 sed
563 3843 679 3905 violata
704 3844 809 3921 etiam,
830 3866 896 3927 qnae
919 3845 993 3907 data
1014 3846 1045 3907 in
1061 3844 1095 3906 id
1109 3857 1189 3909 tem-

138 3953 194 4015 pus
224 3942 300 4008 erat,
329 3930 401 4007 lide,
431 3930 752 4012 comprehenduntur3
781 3933 961 4013 negantibus
991 3930 1100 4010 Gallis,
1129 3932 1189 3994 nisi

135 4018 259 4085 obsides
281 4016 339 4081 sibi
363 4016 572 4096 redderentur,
598 4020 688 4080 98εοε
711 4016 897 4080 dimissuros.
941 4018 1044 4090 Quum
1065 4018 1131 4081 hac
1151 4018 1191 4079 de

298 4166 424 4217 'Illiberim
434 4166 504 4217 Crer-
664 4164 944 4217 '‘ndBoioenrissiGroo.
955 4168 1025 4216 Cter.

160 4270 190 4319 '⁹¹
207 4280 273 4330 *Aa
287 4278 351 4329 anna
369 4280 510 4343 mamma]
533 4282 649 4331 concitari
680 4282 776 4343 dieitur,
785 4296 853 4343 quam
864 4280 892 4328 de
900 4296 992 4345 pavore.
1023 4278 1070 4330 ste.
1083 4280 1191 4330 vnu27.
1253 4338 1261 4351 θ

135 4346 243 4411 :darm
263 4342 379 4411 capienda.
412 4346 499 4395 Eodem
522 4348 592 4395 rnodo
614 4347 648 4394 lo·
680 4346 782 4394 tumltu
802 4349 868 4393 etism
887 4361 948 4393 sanos
966 4354 1114 4394 wadmonte
1139 4346 1190 4391 arri-

135 4424 204 4459 cmus
225 4425 260 4461 en
282 4412 361 4461 Livius
389 4424 436 4461 vn.
456 4414 496 4460 42.
525 4414 557 4462 ad
585 4429 649 4460 arnse
679 4427 738 4461 na.-
760 4422 786 4459 et
809 4422 901 4461 suxis.
918 4412 943 4459 2.
960 4412 1102 4459 menam
1119 4408 1188 4456 mutt-

133 4486 301 4526 mmmm.
325 4476 377 4526 'Et
403 4476 485 4541 sepius
513 4478 572 4541 apud
595 4492 647 4524 nos-
679 4478 740 4525 edna

134 4552 198 4591 nnus
226 4544 321 4593 verbum
348 4550 484 4593 mudeuurt
514 4544 543 4592 de
570 4541 648 4591 nitore
707 4538 794 4592 aaa
814 4540 951 4605 ammosa]
980 4538 1104 4589 Auetlores
1123 4544 1181 4587 mut
