3092 5200
164 517 201 568 11.
213 521 242 571 0.
253 523 283 572 bi

164 583 198 636 A.
211 587 240 635 0.
250 589 278 636 21

331 369 369 421 24
677 360 682 372 '
746 361 832 422 Tm
853 363 956 422 L1v11

285 524 310 573 ⁴·
323 519 377 596 ut,
405 528 453 582 tot
475 539 538 580 uno
563 529 702 602 tempore
728 517 863 580 motibus
889 518 982 579 animi
1005 518 1129 595 turbati,
1156 521 1183 564 ⁶⁷
1193 518 1385 601 trepidarent

333 605 443 686 magis,
473 625 565 686 quarn
594 605 798 667 consulerent.
853 602 934 665 Nam
960 625 1061 686 neque
1086 605 1207 665 hostem
1232 605 1382 667 acriorem

333 691 615 772 bellicosioremque
645 711 749 752 secum
780 711 993 772 congressum
1023 711 1081 752 nec
1111 711 1177 752 rem
1207 687 1383 753 Romanam

319 790 400 858 ⁴tarn
416 777 552 858 desidem
567 797 711 858 umquam
721 777 826 838 ‘luisse
848 790 939 858 atque
959 777 1113 838 inbellem.
1158 774 1284 856 Sardos,
1304 776 1382 838 Cor·

335 885 454 946 sosque,
476 877 508 926 et
531 861 635 938 Istros,
666 875 758 944 atque
781 862 910 946 Illyrios,
940 865 967 903 ⁶⁸
976 863 1132 924 lacessisse
1154 864 1262 945 magis,
1289 883 1382 944 quam

335 951 516 1028 exercuisse,
541 948 682 1011 Romana
708 970 811 1011 arma:
837 962 870 1012 et
891 970 961 1010 cum
976 947 1073 1010 Gallis
1096 950 1314 1011 tumultuatum
1328 971 1383 1011 ve-

219 1022 225 1030 ’
313 1036 408 1116 [rius,
423 1055 515 1117 quam
529 1036 750 1117 belligeratum.
795 1033 933 1117 Poenum,
947 1035 1065 1097 hostem
1081 1046 1269 1113 veteranum,
1288 1037 1382 1098 trium

335 1133 367 1184 et
387 1122 497 1203 viginti
520 1143 667 1184 annorum
689 1123 801 1183 militia
822 1121 983 1183 durissima
1004 1123 1083 1184 inter
1097 1120 1253 1204 Hispanas
1274 1134 1383 1203 gentes

312 1209 454 1290 'semper
471 1209 627 1286 victorem,
652 1211 678 1248 ⁶⁹
689 1209 820 1291 primum
842 1206 1029 1285 Hamilcare,
1052 1207 1163 1269 deinde
1179 1207 1383 1287 Hasdrubale,

311 1293 315 1300 '
334 1315 416 1355 nunc
429 1291 601 1356 Hannibale
616 1295 693 1356 duce
716 1294 863 1355 acerrimo
878 1293 1049 1371 adsuetum,
1068 1305 1221 1355 recentem
1243 1295 1282 1355 ab
1297 1296 1383 1356 exci-

336 1379 388 1441 dio
413 1380 647 1462 opulentissimae
676 1381 769 1458 urbis,
800 1379 919 1441 lberum
951 1381 1097 1441 transire:
1129 1381 1249 1442 trabere
1276 1376 1382 1442 secum

334 1474 382 1527 tot
397 1467 514 1528 excitos
530 1463 737 1548 Hispanorum
752 1466 904 1548 populos:
929 1467 1121 1529 conciturum
1143 1467 1246 1528 avidas
1261 1487 1382 1548 semper

335 1555 486 1613 armorum
502 1551 636 1614 Gallicas
649 1562 766 1634 gentes.
791 1572 861 1612 curn
884 1553 957 1614 orbe
980 1564 1128 1614 terrerum
1144 1552 1254 1613 bellum
1269 1573 1382 1634 geren·

335 1637 407 1698 dum
423 1639 455 1699 in
473 1637 563 1701 ltalia
577 1659 612 1700 ac
628 1659 683 1721 pro
698 1639 849 1699 moenibus
864 1638 1011 1700 Romanis
1027 1659 1102 1701 esse.

376 1721 479 1785 XVll.
501 1723 675 1786 Nominatae
695 1723 761 1806 jam
789 1736 882 1786 antea
902 1725 1076 1786 consulibus
1099 1725 1262 1806 provinciae
1276 1736 1363 1787 erant
1369 1747 1381 1803 3

334 1820 399 1871 tum
429 1811 528 1872 sortiri
553 1809 641 1892 jussi.
701 1809 846 1872 Cornelio
873 1809 1034 1893 Hispania,
1065 1809 1250 1894 Sempronio
1278 1811 1384 1873 Africa

306 1969 310 1980 .
333 1918 402 1959 cunr
420 1894 527 1959 Sicilia
548 1898 659 1960 evenit.
704 1893 766 1958 Sex
782 1898 814 1958 in
830 1918 900 1959 eum
915 1918 1029 1959 annum
1044 1899 1174 1960 decretae
1188 1898 1336 1978 legiones,
1352 1909 1385 1959 et

333 1985 451 2046 socium
482 1995 630 2066 quantum
661 1983 734 2064 ipsis
763 1980 929 2062 videretur,
955 1996 986 2046 et
1010 1984 1113 2046 classis
1140 1996 1254 2064 quanta
1281 1983 1384 2065 parari

332 2081 448 2153 posset.
506 2069 643 2139 Quatuor
673 2080 706 2130 et
733 2069 842 2150 viginti
882 2070 1019 2151 peditum
1050 2069 1259 2132 Romanorum
1288 2069 1387 2130 millia

334 2168 405 2217 sunt
427 2155 552 2236 scripta,
573 2166 605 2216 et
630 2155 713 2216 mille
736 2155 907 2236 octingenti
930 2158 1070 2238 equites:
1095 2159 1122 2202 ⁷⁰
1134 2157 1287 2218 'sociorum
1306 2176 1386 2238 quo·

336 2241 509 2321 dragintam
539 2241 635 2302 millia
663 2241 813 2324 peditum,
837 2255 967 2322 quatuor
993 2244 1090 2304 millia
1115 2254 1147 2304 et
1168 2243 1384 2324 quadringenti

335 2327 475 2407 equites:
503 2329 527 2373 ⁷¹
539 2333 660 2389 navesm
676 2328 815 2389 ducentae
835 2329 941 2410 viginti
962 2330 1205 2411 quinqueremes,
1226 2329 1385 2391 ”celoces

303 2494 307 2503 Ι
334 2413 442 2494 viginti
458 2411 605 2476 deductae.
637 2411 748 2476 Latum
765 2415 835 2475 inde
849 2415 890 2476 ad
902 2410 1059 2497 populum,
1074 2417 1085 2449 ‘
1098 2416 1220 2493 vellent,
1230 2414 1385 2497 juberent,

334 2499 345 2530 ‘
361 2499 474 2580 populo
492 2498 742 2581 Karthaginiensi
757 2501 871 2562 bellum
886 2500 1001 2563 indict'
1044 2500 1178 2584 Ejusque
1193 2501 1265 2563 belli
1279 2522 1386 2563 caussa

326 2585 519 2669 ,supplicatio
535 2608 589 2671 per
611 2588 716 2649 urbem
732 2587 849 2667 habita,
870 2600 962 2671 atquc
977 2587 1095 2652 adorati
1110 2587 1175 2668 Dii,
1196 2601 1233 2652 ut
1253 2589 1331 2651 bene
1346 2609 1384 2649 ac

397 2740 417 2769 Ν
433 2735 581 2801 quadraginta
594 2744 689 2798 qrrotrror
698 2738 797 2799 peditura
807 2744 829 2785 et
838 2745 934 2799 quatuor
944 2740 1042 2799 equitum
1052 2738 1137 2786 millia.-
1148 2754 1213 2787 ιιιιιιι
1223 2738 1298 2787 Grau.

502 2860 504 2865 ι
559 2808 576 2832 '¹
595 2802 743 2867 quodraginta
751 2819 782 2850 m.
790 2818 814 2865 p.
824 2808 845 2850 et
855 2819 876 2865 q.
888 2818 919 2851 m.
930 2804 1010 2866 quadr.
1021 2805 1103 2865 aquius
1110 2802 1180 2851 Creu,

307 2916 310 2921 Ι
363 2936 390 2975 W
408 2936 732 3000 'Trepidorentmrgisquam
742 2934 844 2983 conside.
876 2935 938 2982 ciunt
969 2934 1049 2981 nostri.
1088 2933 1200 2981 Similiter
1231 2933 1298 2996 paulo
1327 2934 1387 2981 intre

324 3002 395 3064 ἰωή]
415 3002 623 3050 Tumultuarenrur
639 3000 721 3065 potius.
739 3001 845 3047 omnium
877 3015 920 3063 pro
954 2998 1061 3059 equitibus
1086 3000 1146 3047 mille
1168 3000 1277 3053 daoentis,
1305 2998 1388 3046 iisdem
1410 3038 1413 3044 ,

336 3067 427 3127 incerti,
451 3082 476 3115 et
499 3068 523 3115 in
553 3066 623 3115 varies
644 3078 719 3129 peries
740 3066 843 3113 animum
877 3062 940 3113 libris
949 3062 1080 3111 auctoribus
1089 3064 1194 3112 dedimus
1209 3062 1316 3125 equitibus
1325 3064 1388 3113 mille

335 3144 462 3191 versantes,
476 3148 545 3195 quem
564 3132 636 3195 quien
654 3126 771 3195 sedatiq'ue
788 3131 845 3178 deli·
878 3130 993 3177 sercmrls:
1021 3140 1045 3176 α
1065 3144 1142 3176 rursus
1160 3145 1202 3192 pro
1224 3129 1388 3189 qrrstuordecr'm

336 3198 452 3247 bersrent.
877 3194 949 3241 miliia
959 3196 1063 3241 sociorum
1071 3196 1180 3256 qadim,
1191 3192 1305 3240 edidimus
1316 3194 1389 3243 deesse

367 3261 391 3297 ⁸⁸
409 3266 422 3292 “
435 3261 550 3311 &eruisse
560 3263 703 3325 megisqnnnr
719 3259 847 3323 erminus]
878 3258 959 3305 millio.

336 3326 444 3377 vetuisse
456 3330 532 3392 potins
548 3327 849 3389 ncomninoquieseerenr,
913 3322 941 3399 ,Ἡ
961 3318 1274 3385 Nncss....qus‘nqusmes]
1311 3321 1389 3370 Nares

340 3392 849 3454 quomranqmmdignosadremrlos,e¹er·
880 3402 983 3450 qumque
1004 3401 1120 3435 remorum
1140 3388 1259 3435 ordinibus
1289 3388 1389 3435 inerme.

338 3456 411 3503 coisse
423 3456 525 3502 Romana
536 3470 606 3501 arms.
880 3464 920 3500 ue.
953 3450 1040 3498 Utmm
1058 3463 1136 3499 eutem
1153 3452 1311 3499 hiremarum
1326 3452 1389 3498 ordi·

370 3516 393 3555 θ)
411 3519 513 3566 Primum
544 3519 666 3572 Aratis-ore,
697 3518 775 3565 deiude
806 3517 849 3563 Ar·
880 3531 922 3565 nce
938 3532 979 3581 per
994 3518 1075 3575 gradus
1091 3528 1115 3565 et
1135 3514 1252 3564 lucernalis
1270 3530 1337 3578 supra
1351 3531 1390 3563 se·

306 3622 311 3641 ,
339 3582 439 3637 druidis,
461 3599 522 3630 aune
542 3578 660 3641 distribuis]
686 3580 745 3629 llaec
772 3584 848 3628 omnir
880 3596 905 3628 se
927 3582 1026 3629 invicem
1051 3595 1201 3643 assurgerent,
1224 3596 1253 3627 sn
1279 3595 1335 3627 uero
1363 3587 1390 3628 ln

308 3699 312 3705 ,
341 3647 452 3693 omittunt
475 3646 566 3709 plurimi
594 3644 671 3705 scripit
692 3661 705 3692 a
734 3644 850 3694 Gronovio
880 3646 1045 3706 longitudinem
1069 3660 1159 3694 tearum
1183 3647 1309 3695 secuudum
1329 3644 1392 3695 istus

340 3711 441 3770 excessi,
459 3722 485 3759 et
504 3725 584 3758 ornnes
602 3710 681 3757 nostri.
713 3710 759 3757 Sed
783 3722 808 3759 et
826 3713 849 3759 in
881 3711 1138 3773 transportaneorum
1161 3727 1241 3772 magns
1257 3710 1318 3759 imer
1334 3711 1391 3760 doe·

341 3776 424 3823 nostris
440 3775 523 3837 legitur
533 3776 586 3827 duci
595 3777 708 3829 cosmiana,
721 3791 767 3823 non
779 3778 851 3824 dure.-
881 3786 917 3823 tos
934 3777 1085 3823 controversia
1102 3790 1146 3827 est.
1184 3776 1286 3825 Priorem
1303 3775 1394 3838 opinio·

342 3842 403 3905 quod
422 3842 605 3907 amplectendum
625 3838 722 3886 viderur.
761 3842 851 3889 Scriba·
882 3855 936 3888 nem
953 3852 1034 3889 tuetur
1048 3842 1137 3889 Auctor
1154 3840 1392 3903 AntiquitatieSebe·

341 3921 474 3967 musergo:
491 3921 573 3968 sempr
591 3906 701 3963 nidorem,
719 3906 772 3954 duci
789 3922 850 3953 aecr-
883 3906 982 3953 metibus
1012 3905 1140 3965 illustratae,
1175 3906 1328 3969 compluribus
1367 3908 1394 3956 in

341 3973 396 4019 rimo
416 3980 532 4021 ιιιιιιιιιιιι.
573 3968 627 4015 Nisi
647 3966 668 4015 si
689 3970 750 4032 qood
780 3969 853 4033 msjus
883 3985 935 4017 eam
956 3986 1006 4020 rem
1025 3972 1099 4020 sileris
1117 3983 1141 4018 et
1160 3972 1299 4020 testimoniis
1319 3972 1391 4036 scrip.

345 4036 483 4086 ulcusiaten
882 4046 960 4082 torum
988 4046 1103 4093 veterum,
1129 4048 1154 4085 et
1184 4035 1283 4099 snriquis
1307 4052 1394 4084 monu-

374 4102 399 4138 '10
413 4101 523 4149 &cionem
549 4097 605 4147 XL.
639 4098 710 4146 millia
743 4099 851 4159 peditum,
883 4101 976 4148 mentis.
1009 4100 1067 4147 Eam
1087 4114 1166 4149 remen
1185 4101 1311 4164 impugnari
1331 4100 1393 4149 sere·

343 4162 418 4210 eth.
435 4166 505 4213 radlia
521 4162 608 4212 CCCC.
628 4161 718 4228 equites]
738 4165 793 4211 Hos
807 4176 852 4209 nu·
882 4174 922 4211 tur
941 4165 1043 4212 unanimi
1064 4168 1191 4229 peritorum
1213 4166 1315 4213 omnium
1338 4168 1396 4215 artis

345 4240 421 4273 meros
432 4229 584 4276 emendandos
594 4229 723 4276 curavimus
740 4229 766 4274 ad
785 4242 852 4274 meo.
883 4230 981 4277 esuriere
998 4246 1120 4290 connum,
1136 4233 1176 4292 qui
1194 4232 1217 4277 id
1233 4231 1328 4277 omnino
1343 4232 1395 4279 fieri

344 4302 394 4337 tem
414 4288 532 4348 Gronovii,
554 4308 624 4355 quum
643 4294 711 4355 vulgo
732 4293 790 4341 editi
810 4291 853 4337 be·
882 4296 982 4355 potuisse
993 4308 1087 4356 negem.
1119 4296 1180 4343 Eum
1194 4294 1393 4348 stoctonam.

344 4354 416 4401 besue
448 4358 551 4402 sociorum
574 4356 663 4406 XLIV.
692 4360 801 4419 peditum,
831 4363 853 4402 et
884 4357 974 4407 l.11.e.
983 4362 1006 4407 8.
1017 4372 1042 4408 et
1052 4377 1102 4423 seq.

344 4426 439 4479 mutuor
451 4422 548 4481 equitum
569 4422 649 4468 millia.
690 4420 797 4469 Correxit
814 4421 854 4468 ille
916 4421 939 4459 ⁷³
956 4422 1052 4489 crura]
1070 4424 1140 4475 teris
1161 4421 1248 4485 navigia
1269 4422 1321 4473 siue
1340 4438 1394 4474 ῐοι·

346 4498 376 4531 ez
397 4482 443 4531 suis
464 4482 539 4543 libris,
567 4484 649 4547 quibis
669 4484 735 4547 pisae
758 4500 854 4534 connu-
883 4487 934 4537 tris.
