3092 5200
222 419 227 424 Ι
339 339 397 396 ara
766 341 857 414 mm
871 341 972 402 mvn
1050 353 1055 358 Δ

175 493 210 543 tJ.
221 493 250 544 c.
262 495 317 546 tou.
340 481 459 548 hostem
475 487 611 550 emissus.
643 489 668 536 ⁷¹
682 485 800 560 Quibus
815 511 908 574 quum
923 493 1043 575 inpigre
1058 490 1199 556 Numidae
1210 493 1381 556 concurris-

174 559 313 618 Mm-
341 583 433 650 sent,¹
444 591 500 635 nec
508 575 631 655 segnior
640 576 787 657 equiturn,
796 598 888 658 quam
897 579 1046 661 peditum,
1055 601 1158 662 pugna
1166 591 1258 658 esset,
1269 582 1381 643 iterum

340 657 519 724 indubium
542 660 677 723 adducta
698 683 756 724 res.
800 664 901 734 Qmun
923 667 1076 746 utrimque
1098 667 1203 745 duces,
1225 666 1383 729 Romanus

342 745 497 811 Bruttium
520 745 747 830 Lucanumque,
770 752 862 812 toties
878 771 897 811 a
914 750 1080 832 majoribus
1101 754 1162 814 suis
1182 753 1279 815 vicum
1308 753 1382 814 sob-

339 847 509 918 actosque3
533 834 642 897 Poenus
672 837 826 918 mancipia
846 837 986 898 Romana
1007 849 1040 899 et
1063 860 1101 900 ex
1120 840 1274 920 ergastulo
1299 839 1381 899 mili-

343 933 418 1000 tem,
433 923 530 984 verbis
544 923 717 998 obtereret3
742 935 897 1004 postremo
912 925 1095 1004 pronunciat
1108 923 1274 1003 Gracchus,
1289 927 1300 959 ‘
1314 943 1382 986 esse

344 1009 356 1042 ‘¹
369 1009 457 1086 nihil,
469 1009 550 1091 quod
563 1009 601 1071 de
615 1009 755 1070 libertate
771 1020 935 1092 sperarent,
958 1011 1017 1071 nisi
1031 1031 1070 1072 eo
1086 1011 1136 1074 die
1151 1011 1209 1073 fusi
1224 1011 1381 1092 fugatique

345 1096 357 1130 ‘
371 1096 475 1159 hostes
490 1094 611 1158 essent!

191 1251 197 1261 ,
269 1187 275 1200 “
386 1181 472 1246 XVI.
494 1181 540 1243 Ea
555 1182 676 1244 demum
704 1203 764 1244 vox
785 1183 830 1243 ita
852 1183 1146 1261 animosaccendit,
1169 1196 1271 1264 atque,
1289 1195 1381 1245 reno:

272 1287 279 1302 ·
343 1271 572 1348 vato-clamore,
593 1269 676 1330 velut
698 1270 749 1330 alii
772 1281 898 1350 repente
920 1268 1005 1346 facti,
1021 1280 1108 1331 tanta
1121 1271 1151 1330 vi
1165 1292 1198 1332 se
1210 1271 1241 1330 in
1257 1271 1380 1332 hostem

343 1361 521 1436 intulerunt,
547 1367 583 1418 ut
612 1356 752 1417 sustiueri
781 1355 862 1416 ultra
876 1374 938 1416 non
953 1367 1105 1437 possent..
1130 1355 1231 1418 Primo
1245 1356 1379 1435 antesig-

340 1448 414 1509 nani
431 1445 601 1519 Poenorum,
629 1443 740 1504 deinde
755 1441 842 1522 signa
857 1443 1043 1523 perturbata,
1070 1455 1223 1524 postremo
1247 1453 1312 1503 tota
1330 1442 1381 1502 in·

340 1534 429 1618 pulsa
454 1533 552 1607 acies;
578 1529 648 1590 inde
675 1528 757 1590 haud
781 1528 871 1590 dubie
897 1540 985 1609 terga
999 1529 1083 1606 data,
1098 1539 1250 1609 ruuntque
1264 1527 1382 1607 fugien-

339 1633 390 1683 tes
408 1620 440 1680 in
463 1629 573 1692 castra,
589 1617 667 1677 adeo
682 1615 784 1697 pavidi
799 1613 981 1696 trepidique,
1003 1627 1091 1676 utne
1106 1615 1138 1676 in
1150 1616 1245 1698 portis
1259 1614 1384 1694 quidem

339 1717 398 1768 eut
412 1705 491 1768 vallo
520 1703 680 1785 quisquam
704 1701 859 1776 restiterit,
882 1721 917 1761 ac
940 1721 1036 1783 prope
1063 1701 1235 1763 continenti
1262 1701 1382 1781 agmine

343 1791 476 1854 Romani
514 1790 654 1866 insecuti,
682 1809 793 1850 novum
815 1787 853 1848 de
876 1787 996 1868 integro
1018 1787 1160 1868 proelium
1183 1787 1289 1849 inclusi
1310 1786 1381 1846 hos·

339 1880 422 1941 tium
447 1877 526 1940 vallo
549 1875 709 1938 ediderint.
752 1873 799 1935 lbi
823 1874 902 1934 sicut
925 1876 1062 1956 ⁷²pugna
1085 1873 1249 1954 inpeditior
1272 1872 1302 1933 in
1325 1892 1382 1932 an-

340 1966 462 2048 gustiis,
494 1965 538 2025 ita
560 1962 655 2024 credes
678 1962 812 2023 atrocior
833 1959 909 2020 fuir:
947 1971 979 2021 et
1009 1958 1150 2041 adjuvere
1172 1958 1295 2041 captivi,
1317 1958 1381 2038 qui,

341 2063 434 2134 rupto
456 2053 535 2111 inter
557 2049 719 2111 tumultum
741 2047 832 2124 ferro,
862 2045 1036 2126 conglobati
1051 2057 1083 2107 et
1096 2047 1135 2107 ab
1148 2057 1236 2125 tergo
1259 2044 1381 2105 cecide-

345 2150 416 2200 runt
431 2136 551 2212 Poenos,
575 2146 607 2196 et
629 2134 732 2214 fugam
755 2132 958 2214 inpedierunt.
992 2131 1096 2213 ltaque
1110 2133 1209 2192 minus
1234 2132 1296 2193 duo
1310 2130 1382 2192 mil-

346 2224 388 2284 lia
402 2223 559 2283 hominum
581 2241 619 2280 ex
641 2230 728 2281 tanto
750 2219 896 2295 exercitu,
911 2229 943 2280 et
962 2239 1001 2279 ea
1018 2217 1115 2300 major
1143 2239 1214 2300 pars
1233 2217 1383 2298 equitum,

346 2329 416 2369 cum
432 2308 499 2390 ipso
519 2306 596 2368 duce
626 2303 817 2386 effugerunt:
842 2305 892 2366 ulii
915 2325 1021 2367 omnes
1036 2306 1103 2366 caesi
1118 2318 1171 2368 aut
1195 2305 1289 2387 capti.
1311 2323 1385 2385 cape·

345 2404 378 2454 ta
400 2404 431 2454 et
452 2394 539 2474 signa
560 2391 875 2472 duodequadraginta.
911 2388 978 2452 Ex‘
994 2393 1157 2454 victoribus
1187 2392 1250 2452 duo
1290 2390 1387 2451 millia

345 2479 440 2542 ferme
463 2478 608 2540 cecidere.
623 2478 739 2561 praeda
764 2479 864 2539 omnis
887 2476 1099 2561 (preterquam
1121 2478 1281 2540 hominum
1309 2495 1385 2558 cap·-

345 2566 459 2647 torum)
485 2565 573 2627 militi
597 2585 741 2627 concessa
761 2577 846 2628 estt·
868 2575 900 2628 et
920 2586 1011 2648 pecus
1033 2578 1194 2649 exceptum
1220 2576 1278 2643 est,
1300 2563 1386 2644 quod

345 2654 428 2715 intra
457 2652 520 2713 dies
557 2652 684 2734 triginta
720 2652 837 2713 domini
874 2655 1097 2735 cognovissent.
1140 2654 1241 2724 Quum
1280 2650 1387 2734 prreda

346 2740 447 2801 onusti
479 2740 510 2799 in
541 2750 642 2801 castra
662 2739 821 2816 redissent,
854 2751 984 2820 quatuor
1005 2741 1101 2802 millia
1122 2740 1214 2802 ferme
1237 2738 1385 2799 volonum

345 2825 505 2902 miiitum,¹
529 2826 581 2906 qui
598 2836 806 2909 pugnaverant
821 2826 953 2908 segnius,
968 2828 1071 2888 necin
1086 2839 1186 2889 castra
1207 2826 1386 2906 inruperant

346 2911 448 2990 simul,
474 2923 558 2973 metu
579 2932 676 2994 poenae
702 2912 822 2974 collem.
846 2913 929 2974 haud
958 2914 1062 2995 procul
1093 2914 1199 2975 castris
1227 2920 1384 2993 ceperunt.

346 3009 471 3081 postero
493 2998 541 3059 die
555 3000 582 3043 ⁷³
589 3019 643 3081 per
657 2999 810 3061 tribunos‘
832 2998 964 3061 militum
980 2999 1051 3060 inde
1078 3000 1211 3075 deducti,
1241 2996 1388 3059 concione

348 3084 481 3147 militum
511 3085 658 3147 advocata
698 3106 716 3146 a
744 3082 896 3163 Graccho,
928 3087 1152 3168 superveniunt
1204 3083 1266 3146 Ubi
1295 3102 1388 3165 quum

350 3171 512 3254 proconsul
526 3182 642 3233 veteres
661 3172 775 3235 milites
788 3173 931 3255 primum,
956 3183 1048 3255 prout
1061 3171 1206 3254 cujusque
1229 3172 1323 3233 virtus
1338 3180 1389 3231 at·

352 3277 410 3339 que
419 3278 512 3341 opera
526 3259 557 3319 in
569 3280 606 3319 ea
620 3279 723 3341 pugna
737 3258 845 3337 fuerat,
860 3259 1042 3321 militaribus
1056 3260 1144 3320 donis
1151 3260 1304 3335 donasset,
1316 3269 1389 3319 tunc

352 3344 435 3492 quand
446 3346 486 3406 ad
496 3344 618 3491 γοὲριιεε
630 3346 791 3423 adtineret,
806 3343 947 3423 ‘omnes,'
963 3346 1017 3423 ait,
1031 3346 1143 3447 ‘malle
1157 3344 1296 3445 laudatos
1311 3364 1331 3403 a
1344 3364 1389 3420 se,

400 3453 409 3490 r
473 3451 559 3490 srnr
1310 3448 1389 3489 esse.

353 3452 472 3585 ‘agii
483 3433 1389 3602 120„,tftetiutffttttttttpuiutietmar,

352 3602 364 3635 ‘
378 3620 483 3663 omnes
493 3622 544 3662 eos
556 3600 666 3662 liberos
678 3622 744 3663 esse
751 3600 880 3683 jubere!
902 3602 951 3666 Ad
959 3624 1161 3684 quamrocem
1173 3624 1266 3687 quum
1275 3601 1390 3663 elamor

352 3687 468 3770 ingenti
492 3686 649 3749 alacritate
661 3686 800 3749 sublatus
814 3699 906 3767 esset,
931 3710 968 3751 ac
982 3711 1064 3753 mmo
1087 3690 1239 3773 complexi
1261 3689 1340 3750 inter
1358 3709 1392 3749 se

384 3832 636 3884 'comnmortDoen-
718 3834 984 3885 ’mitiumdetcren'
1067 3837 1360 3888 'udunrmGromCreu

381 3950 404 3989 '1¹
421 3946 877 4013 QuumqummptgnNnntuaem-·
919 3952 942 3988 ⁷⁸
967 3950 1013 4000 Per
1032 3952 1145 4000 tronum
1167 3952 1263 3997 murm
1283 3952 1336 3998 inde
1355 3951 1393 3999 ds·

348 4014 476 4079 turrim]
493 4016 595 4063 Andreas
613 4024 639 4062 et
658 4012 797 4078 Crerpaurrs,
817 4032 855 4063 oc.
886 4014 1184 4073 deorumdeorum]
1201 4013 1281 4071 Vulgo
1295 4014 1396 4062 mm

348 4082 479 4129 suarim:
493 4080 553 4142 quod
563 4079 724 4141 megispireet.
885 4082 1100 4128 mosenum.
1116 4079 1161 4125 Sed
1172 4076 1396 4127 tasilonem

381 4143 405 4181 ⁷⁸
422 4143 505 4208 mgna
525 4144 658 4209 mo]
686 4140 765 4197 Quam
785 4144 857 4209 prur-
887 4145 916 4192 ὼ
933 4143 1133 4207 αηυαωῆμῑι,
1157 4151 1209 4189 mm
1230 4138 1397 4203 mnas,

350 4206 382 4253 mi
401 4208 465 4255 codd.
483 4221 533 4257 tum
551 4208 698 4268 Groooriroi,
713 4221 763 4258 tum
778 4212 858 4268 nutri,
886 4219 938 4256 tom
963 4208 1056 4265 omui,
1082 4217 1108 4255 et
1134 4206 1173 4255 hie
1198 4205 1277 4253 odiose
1307 4208 1398 4269 repen*-

349 4270 436 4319 urbem
453 4274 606 4334 isnpditiorr
631 4275 691 4338 quod
713 4276 857 4333 montom,
886 4282 933 4328 tur,
947 4288 1028 4335 quom
1054 4273 1079 4321 iu
1102 4273 1230 4336 propinquo
1254 4270 1395 4334 pto-uit

349 4335 442 4382 ”metti
466 4339 564 4399 ”quioti
594 4341 664 4402 mgis
686 4341 759 4399 atati,
788 4356 855 4404 quaer
883 4337 1158 4397 mensurandum.
1175 4336 1396 4403 Emocrmdctrri·

349 4414 425 4449 eumn
435 4410 523 4458 notum,
532 4418 578 4453 ooo
589 4405 637 4454 noir
647 4416 725 4455 tamen
738 4406 766 4456 ab
776 4405 855 4455 mo-
886 4416 947 4454 mos·

348 4462 503 4529 §emonis
514 4466 596 4518 Iatioi.
900 4508 903 4515 .
968 4467 971 4472 “
1221 4508 1224 4515 .
1321 4491 1324 4496 >
1345 4482 1373 4515 .r
