3092 5200
464 385 542 445 LIB.
557 385 657 446 XXX.
672 386 880 450 ennfxtnu.
1153 393 1212 448 689

164 540 319 604 ‘fortuna
343 540 399 616 sit,
415 539 587 622 inpotentes
611 541 721 605 letitia
746 541 888 604 insanire.
931 537 1049 622 Populo
1070 538 1211 602 Romano
1223 562 1297 613 mc,
1311 565 1367 615 551,

163 627 177 660 ‘
193 628 309 690 usitata
321 647 356 688 ac
368 645 462 708 prope
472 625 537 707 jam
554 626 692 688 obsoleta
702 648 740 688 ex
751 626 1086 705 victoria-gaudiaesse,
1095 647 1131 688 ac
1143 626 1211 708 plus
1225 631 1256 679 A.
1266 631 1362 682 (2²⁰1-

162 712 271 794 ‘pene
296 713 449 795 parcendo
468 712 565 788 victis,
585 731 677 792 quam
700 712 862 789 vincendo,
889 712 1048 794 imperinm
1070 711 1211 776 auxisse?

164 797 347 860 Ceterorum
362 801 389 844 ⁷⁸
400 798 596 858 miserabilior
610 797 708 858 oratio
723 797 793 874 fuit,
808 799 1124 875 commemorantium,
1141 797 1212 860 ‘Ex

164 883 316 966 ‘quantis
334 885 442 965 opibus
465 902 525 964 qno
546 882 724 944 recidissent
744 881 1046 963 Karthaginiensium
1061 905 1119 946 res.
1134 884 1211 946 nihil

164 969 177 1004 ⁴
195 971 250 1048 eis,
261 969 312 1051 qni
327 969 420 1030 modo
434 969 538 1030 orbern
554 988 647 1049 prope
662 979 811 1028 terrarum
826 968 1028 1030 obtinuissent
1042 971 1145 1047 armis,
1160 990 1212 1031 su-

164 1055 178 1088 ‘
195 1075 324 1137 peresse,
340 1065 446 1136 praeter
462 1051 659 1134 Karthaginis
675 1053 797 1114 moenia.
830 1051 872 1114 lis
886 1054 1029 1131 inclusos,
1044 1075 1105 1115 non
1120 1067 1213 1132 terra,

164 1140 178 1173 ‘
194 1161 257 1202 non
272 1140 348 1202 mari
365 1140 530 1219 quidquam
544 1140 589 1200 sui
600 1137 679 1219 juris
694 1158 829 1200 cernere.
852 1135 968 1200 Urbem
982 1159 1100 1221 qupque
1114 1141 1213 1220 ipsam

164 1225 178 1258 ⁴
194 1246 231 1288 ac
246 1239 371 1307 penates
391 1226 436 1286 ita
456 1224 624 1302 habituros,
639 1225 664 1286 si
679 1243 741 1286 non
755 1225 788 1285 in
802 1245 840 1286 ea
854 1245 984 1306 quoque,
998 1245 1059 1305 quo
1074 1225 1150 1286 nihil
1166 1226 1213 1286 ul-

163 1310 176 1342 ‘
193 1311 287 1374 terius
298 1311 350 1386 sit,
360 1310 462 1372 saevire
473 1311 602 1391 populus
614 1309 770 1372 Romanus
783 1307 892 1372 velit.''
908 1310 1009 1381 Quom
1025 1310 1107 1374 flecti
1121 1311 1213 1372 mise-

167 1396 300 1458 ricordia
317 1395 419 1457 Patres
435 1396 605 1478 adpareret,
625 1407 800 1459 senatorum
813 1417 908 1458 unum
923 1396 1067 1459 infestum
1081 1397 1214 1479 pertidia

168 1480 471 1563 Karthaginiensium
487 1482 690 1544 subclamasse
704 1482 816 1559 serunt,
831 1483 842 1515 ‘
854 1481 910 1544 Per
925 1504 1001 1564 qnos
1015 1482 1100 1544 Deos
1114 1483 1215 1544 foedus

166 1568 178 1600 ‘
194 1567 283 1628 icturi
299 1579 407 1646 essent,
423 1588 516 1649 quum
532 1590 595 1645 eos,
610 1589 664 1650 per
676 1589 751 1648 quos
770 1581 842 1630 ante
860 1569 957 1631 ictum
971 1581 1063 1646 esset,
1086 1567 1213 1630 fefellis-

166 1652 282 1714 ‘senti
309 1653 364 1714 Per
378 1652 523 1732 eosdem,'
538 1655 638 1736 inquit
653 1652 839 1732 Hasdrubal,
855 1655 929 1736 ‘qui
943 1665 1009 1717 tarn
1025 1653 1127 1716 infesti
1142 1665 1214 1726 sunt

168 1739 178 1772 ‘
195 1738 311 1800 soeder'a
324 1738 528 1804 violantibus!

211 1821 325 1886 XLtll.
349 1824 505 1890 Inclinatis
519 1829 655 1892 omniurn
671 1830 711 1892 ad
726 1849 835 1912 pacem
851 1828 971 1906 animis,
996 1827 1053 1890 Cn.
1067 1825 1214 1890 lentulus

167 1912 284 1988 consul,
300 1912 349 1972 cui
365 1913 469 1974 classis
482 1915 638 1996 provincis
653 1927 729 1991 erat,
741 1915 1011 1977 senamsconsulto
1033 1914 1215 1978 intercessit.

165 1993 249 2058 Tum
263 2000 290 2043 ⁷⁸
303 1996 361 2059 Μ’.
375 1998 490 2061 Acilius
505 2001 591 2070 etQ.
607 1999 761 2062 Minucius
776 2002 887 2063 tribuni
903 2000 1000 2082 plebis
1014 2001 1054 2062 ad
1068 2000 1214 2083 populum
1227 2012 1381 2064 mannicum

167 2083 314 2230 pqlpruplt,
335 2084 352 2184 ᾗ
367 2083 507 2232 ονεῌὶηῐ,
529 2085 711 2233 juberfientne
733 2098 874 2148 senatum
899 2085 1072 2163 decernere,
1094 2081 1330 2235 utdcum‘l‘ttm·
1390 2081 1402 2114 ¹

225 2181 272 2230 art
346 2190 442 2232 nrensr
463 2192 498 2234 us
543 2193 583 2234 aa
629 2183 714 2233 eret:
747 2183 780 2233 et
823 2191 893 2233 uern
913 2192 983 2232 earn
1024 2191 1111 2234 ecem
1153 2193 1204 2234 are

166 2250 180 2284 ‘
195 2190 344 2335 quempuger
359 2277 398 2318 ex
412 2193 680 2320 Africapexercitus
696 2193 857 2340 deportlire
866 2193 1053 2338 juberentpi'
1075 2256 1124 2320 De
1139 2218 1216 2340 pacd

166 2337 194 2382 ⁷⁷
204 2341 249 2400 uti
265 2354 432 2421 rogassent,
456 2361 561 2402 omnes
577 2343 672 2404 tribus
682 2341 862 2423 jusserunt:
884 2363 992 2426 pacem
1008 2343 1080 2406 dare
1095 2342 1129 2405 P.
1145 2342 1214 2406 Sci·

166 2424 302 2503 pionem,
331 2427 472 2487 eumdem
498 2428 649 2490 exercitus
673 2429 845 2510 deportare.
896 2428 946 2490 Ex
974 2429 1032 2491 hac
1056 2431 1215 2512 rogatione

166 2519 290 2571 senatus
314 2510 459 2589 decrevit,
481 2523 515 2573 ut
535 2511 568 2574 P.
584 2511 688 2594 Scipio
703 2535 741 2575 ex
757 2515 864 2577 decem
880 2515 1051 2596 legatorum
1064 2517 1254 2588 sententias,
1265 2539 1295 2591 c,
1306 2541 1337 2590 d,

159 2614 275 2675 pacem
292 2616 362 2658 corn
378 2599 491 2679 populo
507 2595 767 2679 Karthaginiensi,
790 2602 898 2679 quibus
916 2602 1034 2680 legibus
1054 2604 1083 2665 ei
1097 2603 1215 2665 videre-
1226 2620 1290 2669 Μ·

168 2690 228 2757 tur,
243 2682 366 2743 faceret.
411 2681 533 2743 Gratias
548 2683 659 2743 deinde
675 2682 814 2745 Patribus
829 2706 920 2765 egere
932 2684 1215 2768 Karthaginienses,

168 2766 391 2847 petieruntque,
405 2776 441 2825 ut
453 2767 511 2825 sibi
526 2767 556 2825 in
572 2770 678 2827 urbem
693 2768 832 2846 introire,
849 2780 882 2830 ct
898 2770 1040 2850 conloqui
1055 2792 1125 2834 cum
1140 2776 1215 2837 civi-

168 2849 226 2909 bus
241 2849 302 2909 suis
317 2849 433 2925 liceret,
449 2850 500 2928 qui
515 2851 598 2931 capti
614 2852 646 2911 in
660 2852 783 2932 publica
805 2854 946 2915 custodia
965 2869 1076 2919 essent.
1097 2878 1163 2919 csse
1182 2860 1214 2922 in

168 2932 206 2994 iis
220 2934 329 3016 partim
345 2935 530 3017 propinquos
546 2936 720 3016 amicosque
734 2958 816 3014 suos,
828 2938 945 3001 nobiles
961 2941 1100 3003 homines
1109 2965 1120 3019 ;
1143 2964 1215 3026 par·

169 3019 225 3079 tim
240 3019 281 3080 ad
297 3040 371 3103 quos
394 3021 541 3083 mandata
562 3042 581 3082 a
604 3024 782 3104 propinquis
805 3024 963 3089 haberent.
1006 3026 1122 3097 Quibus
1137 3050 1213 3092 con-

168 3104 275 3183 ventis,
297 3124 390 3188 quum
419 3126 521 3170 rursus
545 3118 696 3189 peterent,
718 3120 753 3172 ut
776 3109 845 3189 sibi,
867 3132 944 3192 quos
968 3112 1090 3193 vellent,
1112 3136 1152 3177 cx
1176 3116 1215 3179 iis

169 3190 338 3252 redimendi
362 3204 499 3273 potestas
522 3192 627 3271 fieret3
659 3192 735 3275 jussi
760 3197 886 3259 nomina
911 3198 1021 3260 ederes
1054 3213 1097 3279 ct,
1122 3220 1215 3282 qnmn

169 3274 317 3339 ducentos
333 3276 427 3340 ferme
447 3278 582 3357 ederent,
605 3284 901 3351 senatusconsultum
922 3284 1038 3347 factum
1059 3297 1118 3364 est,
1132 3289 1154 3339 -l
1169 3286 1216 3349 Ut

167 3361 286 3442 ‘legati
303 3362 433 3425 Romani
449 3364 596 3427 ducentos
611 3387 650 3429 ex
664 3368 802 3450 captivis,
819 3390 895 3452 quos
910 3368 1216 3453 Karthagininienses

168 3446 180 3479 ‘
194 3448 316 3527 vellent,
331 3449 372 3511 ad
387 3448 421 3511 P.
432 3449 608 3513 Cornelium
620 3449 795 3535 Scipionem
806 3456 838 3516 in
849 3455 986 3519 Africam
998 3458 1214 3541 deportarent:

170 3532 181 3565 ‘
194 3535 432 3617 nunciarentque
444 3537 483 3615 ei,
495 3548 539 3615 ut,
551 3538 576 3598 si
591 3559 652 3620 pax
666 3542 868 3620 convenisset,
881 3544 948 3605 sine
959 3543 1057 3626 pretio
1068 3566 1122 3607 eos
1133 3544 1213 3607 Kar-

169 3617 434 3698 ‘thaginiensibus
459 3622 618 3685 redderet!
673 3624 807 3689 Feciales
836 3648 930 3709 quum
953 3629 984 3705 in
1011 3630 1148 3693 Africam
1172 3631 1214 3693 ad

169 3701 265 3763 ioedus
280 3703 449 3766 feriendum
464 3708 507 3767 irc
517 3707 713 3788 juberentur3
736 3711 810 3793 ipsis
824 3716 1061 3795 postulantibus,
1072 3729 1214 3779 senatus·

171 3788 341 3851 consultum
356 3790 387 3851 in
404 3791 467 3853 hac
482 3794 574 3856 verba
597 3794 712 3860 iactum
736 3808 808 3860 est:
841 3799 913 3862 ‘Ut
934 3803 963 3848 ⁷⁸
974 3802 1077 3885 privos
1096 3803 1212 3887 lapides
1223 3829 1333 3883 pm,

172 4023 231 4105 born
247 4028 338 4081 torm
354 4034 393 4092 rit,
408 4032 460 4096 quia
479 4032 503 4081 id
526 4031 570 4081 illis
587 4044 673 4098 prater
703 4037 750 4086 rito
760 4048 824 4087 ratus
833 4052 893 4096 esre,
905 4039 973 4103 cujas
990 4042 1079 4089 mendo
1096 4041 1158 4089 aaa
1175 4052 1212 4091 est

172 4093 263 4142 calnam
283 4098 374 4156 arctim,
394 4113 440 4146 non
460 4098 574 4161 caqiiamu
596 4102 673 4150 miras
704 4105 857 4167 rapuero.
1012 4132 1015 4136 ·

172 4157 316 4271 irpfflmodicm
334 4162 445 4222 letitiam,
459 4165 488 4211 ad
505 4162 615 4211 maniam
638 4167 672 4214 st·
736 4168 760 4205 77
777 4168 794 4198 ⁰
813 4167 854 4215 Uti
869 4168 990 4232 πρωί]
1005 4169 1061 4219 vid.
1069 4181 1120 4219 aar.
1131 4170 1211 4219 52.ss

227 4258 234 4271 .
706 4233 796 4281 vndfl.

203 4288 225 4325 7⁵
243 4288 259 4317 ⁸
276 4288 432 4357 Miserabilior]
454 4292 530 4355 Magis
545 4306 673 4342 recommo-
736 4296 760 4334 77
786 4295 803 4325 ⁹
831 4295 908 4345 Prion
925 4296 1105 4359 lapitas-silica]
1132 4296 1211 4345 Prius

173 4351 261 4402 datssd
273 4356 406 4405 mendam
417 4358 594 4407 miserationem.
683 4354 767 4409 'idem
789 4372 825 4408 ert
846 4376 873 4407 rc
888 4361 991 4426 ringula.
1028 4360 1123 4423 lapidas
1141 4362 1211 4409 silba

203 4415 226 4454 ⁷⁶
251 4417 317 4467 Mas.
339 4420 435 4485 Acilius]
460 4422 570 4485 Vulgari,
583 4423 674 4471 Atillrra
705 4426 737 4473 rie
747 4424 803 4473 dicit
813 4427 859 4474 hoa
868 4425 920 4473 loeo
931 4425 1016 4483 uvius,
1024 4438 1052 4476 ar
1062 4440 1130 4491 supra
1139 4439 1159 4476 r.
1167 4426 1209 4475 24.

173 4480 274 4533 uuam
285 4482 334 4536 lac.
345 4484 482 4547 Grouorlur,
498 4489 605 4539 eandem
625 4503 677 4539 aa
708 4488 843 4543 walia
859 4489 1016 4541 vitrum
1028 4492 1068 4543 7⁴.
