3092 5200
495 328 571 386 Llit
586 327 673 388 xxi.
693 328 874 388 caaxvl.
1187 332 1226 386 903

171 481 242 546 ,εοιι
256 497 365 549 eventu
376 493 434 546 est.
479 480 536 544 Cui
552 483 633 544 enim
648 483 732 566 parci
747 483 850 565 potuit
865 503 903 543 ex
918 483 966 559 iis,
982 483 1034 563 qui
1050 495 1105 545 aut
1120 483 1227 544 inclusi
1236 468 1272 588 Β·
1281 469 1314 582 g
1317 473 1382 588 3⁵³⁴·

112 613 116 622 ·
183 590 252 632 cum
268 568 449 652 conjugibus
463 589 499 630 ac
515 569 616 630 liberis
631 569 738 631 domos
758 591 847 651 super
862 590 893 630 se
916 569 998 650 ipsos
1013 588 1226 632 concremare·
1264 573 1272 588 ⁹
1303 568 1311 583 ⁶
1339 541 1387 611 η’·

182 665 264 735 runt,
286 669 339 720 aut
354 655 462 718 armati
478 656 594 716 nullum
609 653 787 717 ante'finenr
801 676 921 738 pugnae,
943 676 1036 736 quarn
1051 656 1228 733 morientes,

166 739 342 808 iecerunt?
1205 752 1209 760 ·

135 848 144 862 ·
225 825 297 892 XV.
321 827 454 912 Captum
477 829 624 912 oppidum
648 839 694 892 est
721 849 791 890 cum
818 826 935 908 ingenti
957 829 1069 910 prada.
1113 827 1230 898 Quam·

185 935 278 997 quarn
292 917 435 998 pleraque
457 915 495 976 ab
518 915 651 978 dominis
674 915 712 976 de
734 915 882 975 industria
904 927 1054 996 conrupta
1076 927 1173 993 erant,
1200 926 1233 976 et

183 1001 217 1064 in
233 1001 364 1064 caedibus
379 1002 429 1064 vix
444 1002 539 1062 ullum
564 1001 726 1063 discrimen
739 1002 845 1062 atatis
867 1001 912 1061 ira
927 999 1052 1078 fecerat,
1074 1013 1108 1063 et
1121 1000 1234 1084 captivi

184 1087 317 1150 militum
332 1089 436 1170 prada
455 1088 594 1164 fuerant;
622 1099 725 1148 tamen
746 1099 779 1149 et
802 1109 841 1148 ex
860 1087 960 1170 pretio
980 1109 1079 1149 rerum
1095 1087 1234 1148 uendita-

185 1195 254 1236 rum
270 1175 459 1256 aliquantum
479 1175 616 1257 pecunia
640 1173 796 1235 redactum
819 1195 884 1234 esse
907 1185 1038 1250 constat,
1061 1184 1093 1234 et
1107 1174 1236 1234 multam
1261 1225 1265 1232 .

185 1261 350 1343 pretiosam
389 1261 609 1342 supellectilem
644 1271 818 1340 vestemque
850 1260 974 1320 missam
1003 1257 1236 1340 Karthaginem.

189 1345 307 1410 Octavo
334 1368 448 1424 mense,
473 1368 565 1428 quam
592 1361 728 1428 coeptum
759 1346 940 1428 obpugnari,
966 1358 1090 1428 captum
1117 1345 1236 1426 Sagun·

189 1443 267 1512 tum,
282 1434 407 1515 quidam
422 1435 586 1515 scripsere:
609 1433 680 1493 inde
696 1431 918 1514 Karthaginem
934 1453 1045 1494 novam
1061 1433 1093 1493 in
1108 1432 1238 1492 hiberna
1324 1453 1328 1460 ·

190 1515 397 1584 Hannibalem
424 1519 629 1581 concessisse:
656 1519 763 1600 quinto
792 1518 901 1580 deinde
931 1540 1045 1597 mense,
1071 1539 1167 1599 'quarn
1198 1517 1237 1577 ab

190 1603 383 1687 Karthagine
399 1605 552 1688 profectus
574 1605 624 1683 sit,
649 1606 679 1666 in
696 1604 815 1666 ltaliam
839 1605 1019 1687 pervenisse.
1054 1605 1138 1674 -Quae
1154 1605 1178 1663 si
1194 1603 1239 1664 iia

191 1702 276 1768 sunt,
300 1691 366 1752 fieri
380 1712 443 1752 non
466 1692 577 1772 potuit,
601 1701 636 1751 ut
649 1689 683 1752 P.
693 1689 862 1767 Comelius‚
886 1688 937 1751 Ti.
951 1689 1148 1772 Sempronius
1163 1709 1238 1749 con-

194 1776 275 1840 soles
305 1777 428 1853 suerint,
459 1776 498 1838 ad
526 1797 599 1857 quos
632 1788 664 1837 et
700 1775 849 1858 principio
882 1777 1115 1856 obpugnationis
1145 1774 1244 1855 legati

195 1859 358 1944 Saguntini
374 1861 457 1924 missi
474 1862 545 1940 sint,
569 1873 597 1924 et
622 1860 673 1942 qui
696 1861 728 1922 in
751 1882 806 1922 suo
828 1862 1006 1940 magistratu
1034 1882 1103 1922 cum
1118 1858 1257 1922 Hanni--

190 1949 270 2025 bale,
287 1948 366 2008 alter
380 1948 419 2008 ad
434 1945 576 2008 Ticinum
592 1967 725 2024 amnem,
750 1948 841 2007 ambo
857 1947 1012 2026 aliquanto
1027 1958 1097 2028 post
1113 1944 1151 2006 ad
1165 1941 1261 2005 Tre--

189 2032 285 2111 biam,
316 2033 526 2118 pugnaverint.
570 2031 635 2094 Aut
662 2033 766 2093 omnia
793 2033 932 2092 breviora
961 2031 1118 2111 aliquanto
1148 2029 1244 2107 fuere,

192 2123 284 2182 ⁸⁵aut
298 2117 468 2202 Saguntum
493 2118 643 2201 principio
666 2119 748 2194 anni,
776 2138 835 2198 quo
852 2115 885 2178 P.
897 2115 1067 2194 Cornelius,
1092 2115 1141 2177 Ti.
1153 2113 1243 2176 Sem·

175 2206 317 2291 ‚pronius
338 2205 477 2268 consules
501 2204 633 2284 suerunt,
660 2225 722 2265 non
749 2214 883 2286 coeptum
911 2203 1079 2286 obpugnari
1105 2213 1162 2280 est,
1187 2202 1243 2262 sed

192 2303 326 2376 captum.
370 2289 441 2354 Nan
453 2289 617 2353 excessisse
633 2311 737 2374 pugna
753 2289 796 2350 ad
807 2287 950 2350 Trebiam
967 2291 998 2349 in
1014 2309 1128 2354 annum
1142 2291 1170 2327 ⁸⁸
1181 2285 1243 2348 Cn.

192 2376 310 2442 Servilii
325 2391 357 2441 et
372 2377 426 2440 C.¹
438 2377 579 2460 Flaminii
603 2399 665 2438 non
689 2387 808 2458 potest:
837 2375 909 2456 quia
924 2373 1091 2436 Flaminius
1109 2373 1242 2454 Arimini

194 2465 386 2527 consulatum
412 2465 491 2543 iniit,
523 2476 642 2526 creatus
669 2465 707 2524 ab
732 2459 783 2524 Tr.
797 2459 979 2544 Sempronio
1005 2462 1150 2537 consule3
1177 2460 1242 2540 qui,

188 2563 263 2637 post
287 2572 421 2635 pugnarn
451 2551 496 2613 ad'
516 2549 660 2613 Trebiam
694 2548 734 2611 ad
765 2549 913 2611 creandos
942 2549 1080 2610 consules
1106 2545 1239 2609 Romam

190 2660 283 2787 quhrnn
305 2638 448 2717 venisset,
475 2638 606 2700 comitiis
630 2635 773 2721 perfectis
798 2636 837 2698 ad
863 2636 1032 2698 exercitum
1057 2636 1089 2698 in
1111 2634 1249 2698 hiberna.

186 2744 221 2787 re
254 2737 289 2787 st.
444 2742 449 2747 '

233 2808 320 2873 XVI.
344 2808 406 2873 Sub
436 2811 518 2873 idem
548 2812 611 2875 sere
645 2823 764 2895 tempus
794 2826 826 2877 et
853 2815 956 2898 legati,
993 2818 1044 2900 qui
1084 2817 1243 2881 redierant

189 2920 211 2961 a
230 2896 595 2980 Karthagine,.Romam
619 2900 797 2979 retulerunt,
827 2904 931 2966 omnia
955 2904 1079 2968 hostilia
1100 2927 1178 2985 esse,
1206 2915 1238 2968 et

188 2980 321 3065 Sagunti
345 2984 497 3047 excidium
521 2986 698 3047 nunciatum
725 3000 793 3049 est:
824 3001 986 3070 tantusque
1008 2992 1098 3053 amul
1123 3013 1237 3055 moeror
1248 3004 1322 3069 cepto
1332 3004 1388 3053 sav

190 3066 308 3147 Patres,
334 3070 598 3151 misericordiaque
620 3072 770 3133 sociorum
796 3087 1007 3155 ,peremtorom
1036 3078 1172 3159 indigne,
1203 3082 1380 3145 et⁸i¹⁰¹⁰¹¹⁸'

175 3154 290 3237 ,pudor
316 3174 378 3215 non
399 3155 453 3215 lati
476 3155 591 3234 auxilii,
616 3168 647 3217 et
662 3156 707 3216 ira
722 3158 753 3216 in
768 3156 1053 3240 Karthaginienses,
1077 3175 1236 3245 metusque
1247 3134 1383 3253 mh

189 3239 231 3302 de
246 3259 368 3301 summa
381 3259 480 3300 rerum
502 3241 596 3321 cepit,
617 3241 700 3303 velut
712 3241 738 3301 si
756 3240 824 3321 jam
845 3246 886 3305 ad
906 3258 1011 3326 portas
1025 3248 1122 3310 bostis
1135 3261 1235 3326 esset3

401 3406 447 3455 *ia
457 3410 501 3469 ipso
512 3406 585 3457 Gron.
598 3406 666 3455 Cres.
838 3406 884 3460 ¹0.
894 3410 941 3462 del.
953 3411 1026 3463 Θεοῦ.

181 3550 245 3587 mm
262 3552 278 3585 a
293 3536 465 3615 nostriscsrent
480 3536 693 3613 praepositionem:
727 3536 865 3597 Carthagine
875 3538 944 3617 Nova
959 3543 1066 3622 movisse3
1083 3545 1165 3606 quohi
1180 3497 1235 3595 chu-

181 3602 443 3731 mssndseetlidhgdiiddhedr
451 3614 559 3727 drmihleoipio
568 3668 624 3714 cani
683 3698 690 3713 .
726 3602 1022 3731 ᾞὲῗέτῐξιιῇῐῗιιὶᾘιηῗς
1032 3610 1234 3735 'Shgzdhmpdoh'dd

181 3730 285 3794 apum]
298 3730 405 3807 Omnino
412 3744 506 3778 neonae
517 3742 560 3787 est,
570 3732 694 3791 urssgun·
725 3744 877 3796 remcsprum
894 3750 943 3783 esse
954 3738 1076 3785 subirem
1086 3741 1233 3804 mactus

185 3806 296 3845 mmnoa
312 3795 581 3861 pnncrprohujmsnni‚
598 3794 692 3844 sedali-
725 3798 788 3853 sani,
818 3815 864 3861 quo
891 3800 929 3851 M.
941 3803 1019 3851 Livius
1043 3804 1234 3861 et'LAEmilius

184 3874 272 3925 manto
292 3872 350 3911 ante
370 3862 439 3908 finem
456 3862 579 3924 superioris
602 3872 693 3923 caprum
726 3862 829 3909 cornulas
847 3864 919 3914 fuere.
953 3868 1032 3929 Aeque
1051 3869 1084 3915 its
1101 3870 1171 3917 hahet
1186 3869 1232 3918 Po·

183 3926 265 3975 suant.
297 3925 345 3974 rus
361 3928 423 3975 enim
434 3927 578 3990 ,temporibus
589 3924 694 3974 musuleo
725 3926 809 3990 lybios,
826 3944 896 3990 squo
911 3930 952 3981 hrt
972 3932 997 3979 io
1013 3948 1039 3981 rs
1054 3934 1180 3981 discessisse
1189 3934 1232 3981 tr·

187 3992 266 4040 lfflbus
294 3992 388 4040 Martiis
415 3990 569 4052 magistratum
597 3991 693 4039 inibant.
724 3992 788 4038 vium
806 3991 888 4041 mirum
904 4006 949 4058 est,
967 3997 1076 4059 quicum
1093 3997 1133 4045 bic
1148 3999 1231 4061 pstsim

168 4054 240 4105 *vid
249 4068 318 4105 xxn.
332 4058 354 4105 l.
365 4068 440 4107 mr.
452 4057 475 4104 1.
492 4068 575 4105 xsvu.
587 4058 609 4104 7.
632 4054 695 4103 liin
725 4056 775 4105 sere
787 4058 900 4107 exscribit.

183 4132 263 4171 meur
273 4136 294 4169 c.
302 4122 343 4169 21.
377 4120 515 4169 Annibalem
529 4120 633 4167 videmus
646 4120 694 4185 pri·
757 4118 782 4153 ⁰⁶
798 4120 939 4171 Casinati
954 4132 977 4175 et
994 4125 1020 4173 0.
1032 4122 1153 4189 natm]
1166 4126 1230 4175 Pra-

183 4200 225 4237 mo
241 4201 295 4236 vere
313 4186 442 4251 profectum
461 4202 510 4235 esse
529 4200 559 4233 ex
576 4184 695 4248 Hisponis,
725 4200 811 4233 nomen
831 4186 945 4245 flaminii,
970 4190 1073 4251 quodie
1099 4192 1165 4239 editis
1183 4206 1230 4239 nors

183 4248 607 4367 mawffiffl.
624 4265 693 4363 'itt
724 4252 986 4363 ξὲἒῗὲῗὲἐ·”·’“““
1002 4255 1084 4318 ⁰⁹⁸³”³
1100 4271 1117 4335 ·‘
1128 4257 1233 4368 Ἥ

186 4332 407 4447 ntsdssqhuedm
425 4392 492 4431 mes.
526 4328 691 4441 Uermin-
721 4380 806 4441 ludum
816 4332 950 4432 mxu,
967 4330 1018 4369 mm
1036 4333 1134 4369 Μ’
1155 4332 1180 4370 a

183 4457 223 4501 trs
241 4447 381 4499 Aorsihsiem
400 4447 483 4497 mem
509 4443 572 4495 fers·
588 4456 691 4509 tempore
817 4466 820 4469 ⁴
