3092 5200
515 391 594 454 LIB.
612 389 714 452 XXII.
734 391 817 452 CAP.
836 391 918 451 VIII.
1193 395 1230 450 81

192 554 266 632 gata
286 565 324 610 ex
345 545 479 610 hostium
510 559 757 624 coacervatorum
788 544 917 608 cumulis
949 564 1079 627 corpora
1107 561 1232 606 suorum
1244 554 1388 608 umam.
1497 579 1502 586 ·

193 653 285 716 quum
307 634 427 717 sepeliri
459 631 609 715 jussisset,
638 633 780 696 Flaminii
813 651 935 714 quoque
969 651 1091 730 corpus,
1119 621 1383 691 funensfflff·

148 708 156 720 '
192 739 299 782 caussa
320 739 433 802 mque
453 739 523 782 cum
545 741 619 782 cura
639 719 827 801 inquisitum,
848 738 912 780 non
932 717 1057 778 invenit.
1116 713 1327 793 Romamne

192 806 231 868 ad
246 806 379 888 primum
393 807 539 868 nuncium
563 806 659 868 cladis
682 803 759 887 ejus,
781 825 852 866 cum
870 803 988 885 ingenti
1001 813 1117 866 terrore
1132 821 1169 862 ac
1183 811 1233 863 tu·
1245 808 1340 912 xm
1349 801 1398 842 Ψ·

191 893 290 955 multu
313 911 476 954 concursus
500 893 532 954 in
558 891 657 954 forum
680 891 785 974 populi
804 890 975 954 estfactua.
1017 887 1234 979 Matronaewva·
1284 891 1292 910 ⁸

192 995 238 1058 gre
252 995 309 1059 per
321 979 395 1057 vias,
411 999 476 1060 que
490 999 599 1060 repens
619 978 721 1040 clades
745 976 861 1054 adlata,
881 997 984 1056 queve
1005 976 1127 1038 fertum
1146 986 1235 1038 exer·

192 1063 271 1126 citus
293 1075 385 1140 essct,
408 1065 513 1126 obvios
536 1075 781 1147 percunctantur.
802 1075 836 1124 et
857 1083 951 1142 quum
972 1061 1235 1164 frequentiseoo·

192 1149 397 1211 cionis'modo
411 1151 501 1212 turba
524 1150 556 1212 in
581 1155 608 1192 ⁴⁵
619 1149 777 1212 comitium
797 1158 830 1210 et
842 1149 956 1210 curiam
972 1169 1059 1210 versa
1071 1163 1234 1232 magistra·

191 1246 242 1296 tus
263 1246 406 1312 vocaret3
444 1235 567 1298 tandem
601 1236 684 1298 haud
714 1235 812 1298 multo
833 1247 906 1296 ante
928 1235 1000 1297 solis
1022 1241 1165 1298 occasum
1187 1235 1249 1306 bd„

192 1317 379 1403 Pomponius
395 1333 514 1403 pretor,
530 1320 677 1404 ‘Pugna’
692 1322 803 1406 inquit,
818 1321 1031 1406 ‘ntegnadcti
1042 1322 1173 1387 snmuse'
1192 1339 1252 1404 οῖς,

193 1425 377 1488 quamquam
390 1407 465 1469 nihil
480 1409 592 1470 certius
603 1429 641 1470 ex
655 1429 692 1497 cp
703 1409 842 1472 auditum
857 1422 914 1488 est,
925 1423 1030 1473 tomen
1040 1411 1118 1476 alius
1126 1412 1166 1473 ab
1174 1411 1236 1473 alio

192 1489 311 1574 impleti
323 1494 493 1556 rumoribus
504 1495 613 1556 domos
622 1495 765 1572 referunt,
775 1497 785 1528 ‘
796 1498 1237 1647 consulemcumrnagnaffite
1257 1543 1261 1548 ·

191 1577 376 1658 ‘copiamm
385 1599 673 1662 casumzsuperesse
682 1601 806 1662 paucos,
815 1595 870 1645 aut
878 1582 951 1664 fuga
959 1585 1073 1667 passim
1082 1605 1137 1667 per
1257 1634 1263 1638 .

192 1662 298 1722 ‘riam
314 1683 444 1744 sparsos,
456 1676 509 1725 aut
522 1677 629 1745 captos
645 1667 683 1726 ab
704 1665 812 1728 hoste?
856 1673 884 1708 ⁴⁶
893 1669 977 1739 Quot
987 1692 1073 1733 casus
1087 1671 1239 1734 exercitus

192 1746 266 1808 victi
283 1745 412 1824 linerent,
428 1759 475 1810 tot
489 1749 521 1810 in
536 1769 624 1810 curas
647 1750 798 1831 dispertiti
813 1773 919 1814 comm
934 1756 1028 1817 animi
1048 1769 1144 1837 erant,
1160 1779 1238 1838 qno-

192 1851 262 1893 rum
274 1833 436 1914 propinqui
448 1835 505 1895 snb
528 1833 564 1896 C.
580 1833 730 1897 Flaminio
745 1839 848 1898 consu!
861 1862 868 1878 =
890 1855 1074 1920 meruerant,
1094 1844 1241 1924 ignorari»
1262 1889 1266 1894 -

192 1917 285 1994 tium,
301 1937 366 1998 que
381 1918 525 2001 cujusque
539 1941 662 1982 suonam
676 1921 801 1984 fortuna
814 1935 903 1986 esset
919 1946 976 1988 nec
991 1929 1149 2010 quisquam
1165 1932 1243 1994 satis
1257 1961 1273 1984 -·
1323 1955 1328 1967 ’

191 2013 310 2064 certium
328 2004 430 2080 babet,
445 2005 519 2085 quid
534 2018 587 2067 aut
601 2019 713 2088 speret,
729 2021 783 2070 arrt
793 2010 912 2072 timeat.
956 2010 1093 2093 Postero,
1106 2037 1142 2077 ac
1151 2017 1240 2080 dein·
1278 2087 1282 2095 ,

189 2107 264 2169 ceps
279 2087 397 2169 aliquot
406 2090 523 2169 diebus,
538 2092 579 2152 ad
599 2106 704 2174 portas
725 2093 824 2176 major
843 2117 940 2178 prope
954 2100 1124 2180 mulierum,
1146 2123 1239 2184 quam
1250 2151 1257 2164 „

191 2173 335 2250 virorum,
350 2175 516 2238 multitudo
538 2179 634 2255 stetit,
649 2191 704 2241 aut
729 2201 852 2242 suorum
873 2184 1017 2264 aIIquem,
1036 2199 1089 2249 aut
1110 2191 1254 2251 nuncios-

192 2258 232 2320 de
247 2259 294 2320 his
306 2261 487 2342 opperiens:
511 2261 894 2349 circumfundebanturque
913 2271 1009 2332 obviis
1026 2273 1215 2336 sciscitantes
1224 2297 1248 2352 ς..

191 2363 292 2424 neqne
308 2346 404 2424 avelli,
419 2349 524 2429 unque
545 2350 584 2410 ab
605 2351 697 2429 notis,
713 2353 805 2433 prius,
827 2375 919 2435 quam
941 2356 1049 2420 ordine
1069 2361 1174 2422 omnia
1187 2362 1237 2422 iir-

192 2429 364 2508 quisissent,
386 2443 534 2513 poterant
587 2434 663 2496 lnde
693 2439 793 2500 varios
819 2441 919 2504 vultus
940 2443 1175 2525 digredientium
1198 2447 1247 2509 abr

191 2515 310 2577 nunciis
333 2537 481 2599 cerneres,
503 2532 539 2582 ut
556 2521 665 2604 cuique
688 2535 742 2585 aut
762 2525 832 2587 lata
852 2539 906 2589 aut
926 2530 1026 2591 tristia
1045 2533 1235 2594 nunciaban-

190 2612 260 2663 tur:
282 2605 530 2688 gratulantesque
554 2619 607 2669 aut
628 2611 823 2673 consolantes
844 2614 1039 2679 redeuntibus
1053 2618 1161 2683 domos
1175 2622 1235 2683 cir·

183 2687 354 2752 -cumfusoa
409 2690 603 2757 Feminarum
624 2698 775 2780 precipue
797 2711 830 2760 et
850 2702 963 2782 gaudia
984 2703 1117 2787 insignia
1137 2720 1235 2789 erant,

190 2783 224 2835 et
239 2773 348 2836 luctus.
392 2774 495 2840 Unam
512 2779 543 2841 in
559 2782 628 2862 ipsa
641 2795 740 2863 porta,
755 2786 863 2866 sospiti
875 2786 939 2849 lilio
952 2803 1077 2871 repente
1087 2794 1234 2873 oblatam,
1247 2805 1337 2857 Marsa
1346 2809 1387 2857 τις

189 2856 222 2919 in
245 2872 412 2943 conspectu
433 2862 498 2944 ejus
521 2868 688 2949 exspirasse
709 2870 831 2947 ferunt3
855 2872 994 2954 alteram,
1007 2878 1058 2939 cui
1079 2900 1159 2942 mors
1181 2881 1234 2944 lilii
1246 2873 1318 2936 ceptis
1327 2872 1379 2923 ⁶¹²³·

189 2941 532 3029 laiso'nunciataerat,
555 2966 696 3015 moestam
730 2957 888 3019 sedentem
921 2960 1016 3040 domi,
1043 2965 1082 3027 ad
1103 2968 1234 3049 primum
1247 2938 1378 3052 iffi?

188 3044 392 3109 conspectum
407 3034 561 3098 redeuntis
576 3038 630 3099 lilii
645 3040 759 3120 gaudio
773 3044 869 3104 nimio
884 3048 1100 3112 exanimatam.
1138 3051 1235 3115 Sena·

189 3124 257 3174 tum
272 3128 414 3195 praetores
428 3140 482 3200 per
497 3121 562 3181 dies
578 3123 694 3204 aliquot
721 3126 760 3186 ab
785 3140 854 3189 orto
876 3149 971 3213 usque
985 3136 1025 3194 ad
1042 3136 1235 3201 occidentem

189 3198 287 3261 solem
320 3201 351 3261 in
384 3205 469 3264 curia
499 3206 640 3285 retinent,
672 3212 890 3292 consultantes,
917 3238 1051 3297 quonam
1074 3220 1169 3301 duce,
1185 3235 1237 3285 aut
1297 3251 1299 3256 ·

187 3284 299 3364 quibus
314 3286 423 3368 copiis,
438 3290 535 3351 resisti
550 3292 712 3355 victoribus
728 3294 829 3359 Poenis
844 3314 957 3381 posset.
1065 3358 1068 3366 .
1291 3348 1295 3355 ·

232 3368 319 3433 VIII.
336 3370 513 3455 Priusquam
527 3378 601 3439 satis
612 3390 695 3441 certa
705 3383 833 3445 consilia
840 3401 952 3467 essent,
964 3413 1073 3475 repens
1085 3396 1146 3460 alia
1156 3420 1234 3462 nun·
1248 3405 1302 3457 Alis
1312 3405 1395 3460 rhoea

187 3456 287 3517 cietur
308 3457 427 3519 clades:
453 3472 581 3540 quatuor
601 3464 696 3527 millia
710 3469 858 3550 equitum,
873 3494 943 3537 cum
959 3476 995 3539 C.
1012 3478 1162 3548 Centenio
1177 3496 1246 3570 pro-⁴

186 3552 314 3623 pretore
338 3542 432 3605 missa
447 3546 487 3607 ad
502 3548 649 3630 collegam
671 3553 710 3614 ab
731 3553 860 3619 Semilio
881 3564 1014 3644 consule,
1037 3568 1068 3629 in
1093 3567 1238 3655 Umbria,

185 3648 245 3709 quo
268 3640 339 3707 pust
362 3650 498 3711 pugnam
521 3635 560 3695 ad
582 3635 794 3703 Trasimenum
810 3645 945 3709 auditam
968 3665 1140 3718 averterant
1162 3659 1236 3739 iter,

186 3713 225 3774 ab
257 3711 432 3777 Hannibale
463 3718 678 3783 circumventa.
721 3724 797 3806 Ejus
819 3731 861 3791 rei
886 3732 969 3796 fama
989 3740 1070 3801 varie
1093 3742 1234 3808 homines

112 3806 117 3815 “
186 3798 308 3861 adfecit.
331 3822 412 3882 pars,
427 3806 583 3885 occupatis
599 3806 713 3888 majore
729 3812 907 3891 egritudine
922 3822 1041 3903 animis,
1065 3826 1171 3907 levem,
1192 3851 1232 3894 ex

186 3888 415 3967 comparatione
438 3890 582 3969 priorum,
599 3892 710 3955 ducere
729 3911 883 3963 recentem
905 3908 1041 3986 equitum
1054 3909 1229 3991 jacturamr

184 3990 254 4051 pars
269 3993 330 4033 non
347 3972 390 4051 id,
405 3974 488 4055 quod
503 3978 667 4058 acciderat,
690 4002 744 4063 per
768 4004 801 4043 se
824 3988 984 4069 estimare,
999 3996 1063 4074 sed,
1080 4000 1158 4059 utin
1174 4003 1229 4063 ad·

184 4056 266 4123 ftcto
282 4080 408 4141 corpore
423 4062 559 4140 quamvis
583 4064 655 4125 levis
677 4088 786 4130 caussa
809 4074 918 4154 magis,
938 4097 1028 4157 quarn
1042 4082 1144 4145 valido
1157 4106 1228 4166 gra·

183 4142 256 4222 uior,
272 4146 453 4225 sentiretur3
477 4146 521 4211 ito
545 4159 609 4215 tum
633 4172 718 4233 aegre
734 4166 766 4218 et
786 4155 913 4221 adfecte
928 4163 1044 4227 civitati
1058 4170 1227 4249 quodcum-

214 4300 235 4334 ⁴³
257 4300 382 4369 cousins]
407 4304 461 4357 lna.
483 4306 542 4357 infre
561 4308 580 4359 l.
603 4322 687 4361 xxvrr.
720 4325 795 4374 enoc,
812 4315 903 4377 quidam
918 4315 1039 4383 mbrcmti,
1057 4323 1147 4383 quidem
1164 4326 1225 4376 inte-

181 4366 254 4414 t.36.
718 4378 792 4437 griez
805 4382 883 4442 praelio
892 4381 1026 4443 effugerant.
1056 4388 1165 4437 'l'otidem
1181 4393 1224 4453 igi.

213 4426 236 4461 ⁴⁶
250 4431 264 4459 ⁸
281 4431 338 4485 Quor
358 4436 429 4501 mors]
451 4437 515 4487 Varii
531 4454 596 4489 ersus
617 4455 684 4491 exer·
717 4453 756 4491 tor
767 4444 791 4491 io
804 4460 869 4498 cuns
878 4447 990 4513 dispertiti
1006 4464 1070 4501 cram
1084 4455 1154 4503 misni
1169 4471 1223 4519 pro·

179 4492 241 4543 cirus
257 4496 309 4546 vini
325 4498 430 4555 menate
447 4504 485 4555 alii
501 4504 561 4563 ceri,
574 4506 612 4557 alii
624 4507 684 4573 eapti
714 4507 861 4573 pioqucrurn.
