3092 5200
345 372 386 427 96
750 355 834 421 Tm
853 360 954 421 Lim

182 498 257 599 ttjcss
266 516 330 604 53⁵·⁴
346 522 478 603 pergunt
495 519 552 597 ire,
565 518 648 601 quod
672 518 715 581 ibi
733 517 856 579 obsides
886 516 981 579 totius
995 512 1152 599 Hispaniae
1166 516 1313 583 emrodle
1328 530 1392 585 tra·

178 581 319 695 ssfflu‘
348 606 431 706 ditps
453 607 495 706 ab
506 604 680 705 Hannibale
695 604 777 703 fama
791 615 857 749 slrpt
871 602 995 751 modipdo
1009 603 1060 751 iRu0
1066 622 1136 665 arce
1151 605 1298 705 custodiri
1313 628 1389 688 pre-

180 712 336 853 ma·
347 692 486 842 ffrirlriiuiii
499 700 1009 859 {yppappgnprpppppnpnamasm
1038 703 1389 855 mwantlupoffitffl

180 852 209 890 ¹¹·
347 866 440 945 guine
464 864 594 925 liberium
616 882 738 925 suorum
762 861 854 943 culpa
868 860 1049 923 defectionis
1074 860 1216 923 lueretur.
1259 862 1306 925 Eo
1320 865 1388 925 vin-

347 951 417 1013 culo
430 948 612 1032 Hispaniam
630 949 676 1010 uir
690 966 780 1020 uuus,
804 947 908 1009 solerti
928 946 1026 1027 magis
1046 947 1234 1027 quamlideli
1249 950 1388 1029 consilio,

181 1028 331 1107 ffll‘llss
347 1037 484 1099 exsolvit·
526 1034 647 1097 Abelux
675 1045 741 1095 erat
755 1030 885 1113 Sagunti
908 1032 1027 1093 nobilus
1042 1030 1209 1115 Hispanus,
1225 1033 1301 1097 lidus
1316 1047 1388 1098 anm

179 1092 309 1209 mn*
347 1121 466 1185 Poeuis:
497 1133 563 1183 tum
596 1119 711 1201 (qualia
724 1117 913 1201 plerumque¹
932 1128 1004 1179 sunt
1028 1118 1225 1181 barbarorum
1249 1121 1385 1203 ingenia)

346 1229 417 1271 cum
443 1208 567 1270 fortuna
594 1216 763 1268 mutaverat
788 1204 892 1265 fidem.
925 1216 1071 1281 ceterum,
1101 1205 1300 1284 transfugam,
1321 1208 1389 1269 sins

347 1315 465 1374 maguae
480 1294 523 1355 rei
538 1293 711 1375 proditione
726 1291 899 1353 venientem
924 1290 963 1351 ad
981 1290 1095 1367 hostes,
1109 1291 1185 1351 nihil
1200 1291 1281 1353 aliud
1296 1312 1388 1373 quam

347 1400 441 1441 unum
455 1380 514 1441 vile
529 1391 620 1459 atque
639 1378 753 1439 infame
775 1396 884 1457 corpus
914 1396 980 1437 csse
1010 1386 1103 1452 ratus,
1131 1376 1194 1437 ¹⁷id
1212 1379 1333 1458 agebat,
1353 1390 1389 1441 ut

346 1482 440 1545 quam
462 1466 630 1526 maximum
645 1464 884 1525 emolumentum
909 1462 994 1523 novis
1017 1462 1106 1523 sociis
1120 1472 1210 1525 esset.
1246 1462 1387 1525 Circum·-

312 1622 319 1633 ,
345 1551 459 1633 spectis
475 1551 567 1630 igitur
582 1550 734 1626 omnibus,
764 1569 829 1629 quae
845 1548 967 1609 fortuna
987 1547 1146 1629 potcstatis
1175 1546 1241 1629 ejus
1264 1560 1388 1631 poterat

345 1636 457 1714 facere,
468 1636 622 1698 obsidibus
635 1635 826 1717 potissimum
842 1633 997 1695 tradendis
1013 1633 1146 1695 animum
1161 1630 1275 1713 adjecit
1286 1657 1301 1695 r·
1317 1656 1387 1699 eam

346 1743 440 1785 uuam
462 1742 526 1783 rem
542 1722 674 1783 maxime
696 1733 778 1782 ratus
805 1720 1035 1781 conciliaturam
1051 1718 1199 1781 Romanis
1215 1720 1385 1801 principum

258 1822 263 1832 '
344 1804 501 1890 Hispaniae
529 1807 706 1869 amicitiam.
728 1804 793 1868 Sed
821 1826 925 1886 quum,
951 1804 1066 1886 injussu
1090 1802 1226 1867 Bostaris
1263 1806 1386 1885 refecti,

344 1894 418 1955 satis
447 1894 550 1971 sciret,
571 1894 648 1955 nihil
667 1892 807 1955 obsidum
823 1891 964 1953 custodes
980 1890 1113 1955 facturos
1128 1910 1205 1969 esse,
1228 1826 1387 1955 lfmtarem

344 1980 446 2061 ipsum
462 1992 527 2041 arte
553 1979 736 2060 adgreditur.
781 1976 891 2039 Castra
912 1989 999 2039 extra
1019 1978 1123 2039 urbem
1153 1976 1186 2037 iu
1215 1978 1282 2059 ipso
1296 1978 1387 2041 litore

346 2065 479 2129 habebat
502 2063 621 2143 Bostar,
635 2076 670 2126 ut
686 2064 833 2126 “aditum
849 2084 888 2125 ex
907 2062 1017 2145 portuk
1037 2062 1251 2127 intercluderet
1271 2062 1388 2125 Roma-
1422 2092 1433 2103 -

343 2151 402 2212 nis.
418 2151 460 2211 ibi
487 2171 556 2211 eum
571 2151 602 2211 in
627 2160 776 2212 secretum
797 2151 973 2227 abductum,
988 2149 1070 2211 velut
1093 2152 1294 2230 ignorantem,
1319 2170 1388 2213 mo-

345 2247 410 2313 uet,
424 2256 484 2317 quo
499 2247 583 2298 statu
606 2236 647 2297 sit
657 2257 715 2298 res.
737 2236 747 2268 ‘
762 2234 882 2297 illatum
898 2235 1082 2303 continuisse
1094 2235 1133 2295 ad
1142 2256 1211 2296 eam
1221 2234 1301 2297 diem
1315 2234 1392 2297 His-

344 2321 518 2403 ‘pauorum
547 2322 677 2398 animos,
697 2322 769 2403 quia
783 2321 888 2403 procul
903 2320 1035 2383 Romani
1050 2322 1209 2383 abessent:
1236 2341 1318 2383 nuuc
1343 2321 1386 2383 eis

345 2404 492 2469 ‘Iberum
519 2423 620 2470 castra
643 2406 784 2469 Romana
798 2428 874 2485 esse,
898 2427 998 2469 arcem
1029 2418 1128 2470 tutam
1157 2406 1387 2489 perfugiumque

345 2492 464 2555 ‘novas
479 2494 649 2556 volentibus
672 2514 730 2555 res.
746 2494 861 2575 itaque,
881 2513 957 2573 quos
972 2503 1073 2556 metus
1090 2513 1153 2553 uou
1164 2502 1279 2570 teneat,
1293 2494 1387 2557 bene·
1407 2490 1412 2499 '

344 2579 356 2613 ‘
370 2578 441 2641 ficio
464 2590 496 2642 et
509 2581 610 2662 gratia
625 2579 836 2642 devinciendos
857 2576 943 2640 esse!
966 2574 1094 2640 Miranti
1106 2575 1226 2642 Bostari
1239 2600 1387 2661 percunc-

344 2667 494 2748 tantique,
530 2667 682 2747 quodnum
712 2666 744 2729 id
773 2666 907 2728 subitum
949 2675 1041 2726 tante
1072 2665 1114 2726 rei
1145 2665 1259 2728 donum
1293 2668 1388 2749 possit

344 2752 432 2814 esse?
458 2750 628 2829 ‘Obsides‚'
647 2753 756 2835 inquit,
779 2752 829 2812 ‘in
859 2751 995 2813 civitates
1017 2751 1150 2814 remitte.
1177 2751 1241 2814 ¹⁹id
1265 2752 1310 2814 et¹
1325 2753 1388 2832 pri·

346 2839 358 2871 ‘
372 2838 466 2900 vatim
480 2840 665 2922 parentibus,
687 2858 817 2920 quorum
840 2837 1006 2898 maximum
1020 2857 1133 2900 nomen
1160 2838 1191 2898 in
1217 2839 1387 2902 civitatibus

344 2924 417 2985 ‘est
442 2925 513 3003 suis,
529 2935 561 2986 et
584 2923 703 3006 publice
719 2921 837 3005 populis
858 2933 978 3004 gratum
993 2922 1060 2984 erit.
1085 2919 1161 2984 Vult
1180 2923 1238 2985 sibi
1255 2925 1383 3004 quisque

344 3009 357 3044 ‘
371 3011 465 3088 credi,
491 3025 524 3073 et
549 3011 655 3072 habita
670 3009 744 3070 fides
760 3010 857 3090 ipsum
873 3008 1050 3090 plerumque
1062 3007 1180 3090 obligat
1194 3007 1295 3072 fidem.
1320 3007 1387 3072 Mi·

343 3096 355 3128 ‘
369 3097 525 3158 nisterium
541 3095 795 3157 restituendorum
811 3095 919 3156 domos
946 3094 1085 3158 obsidum
1101 3095 1242 3159 mihimet
1255 3097 1388 3178 deposco

342 3183 353 3214 ‘
368 3181 443 3264 ipse,
456 3192 491 3244 ut
505 3202 598 3263 opera
612 3202 733 3262 quoque
748 3181 878 3262 inpensa
897 3179 1056 3243 consilium
1072 3179 1211 3261 adjuvem
1226 3202 1339 3258 meum,
1354 3191 1387 3242 et

325 3267 354 3341 ‚‘
368 3268 410 3328 rei
417 3279 523 3349 suapte
529 3279 636 3330 natura
644 3279 900 3348 gratae,quautam
907 3267 1162 3349 iusupergratiam
1175 3266 1385 3350 possim,adji-

341 3354 352 3385 ‘
366 3353 466 3414 ciam?
476 3359 503 3392 ²⁰
510 3351 649 3430 Homini,
661 3374 722 3414 uon
729 3354 876 3414 adceteru
882 3351 997 3414 Punica
1007 3353 1129 3433 ingenia
1139 3350 1262 3429 callido,
1271 3364 1306 3413 ut
1317 3373 1386 3433 per-

341 3439 445 3516 suasit,
464 3449 554 3500 nocte
565 3439 644 3499 clam
659 3460 835 3521 progressus
852 3438 890 3500 ad
901 3437 1036 3502 hostium
1048 3438 1207 3514 stationes,
1229 3437 1385 3498 conventis

373 3543 381 3575 ¹
391 3545 494 3606 pleraque
504 3545 579 3591 Groa.
590 3544 657 3592 Cres.
689 3542 702 3576 ¹¹
716 3561 742 3592 er
749 3552 816 3604 portu
827 3543 872 3606 leg.
882 3561 907 3592 ea
915 3554 979 3608 porte
991 3545 1052 3610 liup.
1086 3543 1092 3578 ¹
1107 3552 1128 3592 st
1138 3543 1183 3592 del.
1195 3545 1269 3590 Gran.
1281 3543 1352 3593 Crer.

373 3629 394 3666 ¹⁷
414 3631 429 3660 ⁶
447 3629 476 3678 Id
492 3633 568 3696 agaim
584 3631 622 3696 ut]
639 3633 691 3680 Hoc
707 3635 847 3696 propositum
876 3650 932 3683 cum
948 3635 998 3686 lec.
1018 3635 1134 3684 Grouorio
1147 3633 1249 3695 legamus
1263 3643 1290 3682 ut
1300 3635 1387 3682 aditum

340 3693 416 3742 auimo
425 3695 532 3755 habebar,
547 3712 576 3745 eo
590 3697 710 3745 nitendum
721 3697 765 3744 ribi
780 3710 846 3762 puta·
879 3715 905 3745 eo
930 3710 1001 3761 porte.
1033 3700 1099 3748 Nihil
1122 3699 1205 3748 mirum
1231 3710 1266 3746 est
1293 3710 1386 3760 portum

339 3761 379 3807 bat
389 3771 417 3808 ut
431 3791 492 3809 ....
880 3763 975 3827 alicujus
994 3766 1055 3814 urbis
1070 3767 1153 3814 distare
1172 3765 1199 3812 ab
1216 3780 1244 3812 ea
1259 3763 1294 3821 vel
1313 3765 1387 3814 tribua

374 3825 396 3860 ¹⁸
410 3826 503 3873 Aelium
519 3840 546 3874 ea
560 3824 637 3888 pona]
657 3826 756 3874 Aditum
771 3828 798 3875 ad
810 3843 848 3874 ur·
880 3843 985 3891 passuum
1005 3831 1112 3879 millibus.
1146 3831 1212 3878 luter
1231 3828 1342 3876 Piraeum
1360 3844 1386 3878 et

337 3889 391 3938 bem
410 3907 438 3939 ex
457 3907 485 3940 ea
500 3905 563 3954 parte
580 3906 623 3954 qua
638 3903 716 3954 portus
730 3904 774 3940 est.
808 3892 848 3939 Sa·
882 3895 986 3959 Atlrenre
1003 3895 1239 3957 quadragiutratadia,
1253 3895 1301 3942 aiva
1319 3895 1385 3955 qrrin·

335 3967 423 4016 gnatus
453 3957 516 4006 mille
548 3957 639 4006 circiter
669 3973 746 4021 passm
779 3956 848 4004 distr-
880 3973 925 4020 que
937 3957 1006 4006 millia
1016 3975 1121 4022 passuum
1133 3960 1263 4010 interfuisse
1273 3958 1386 4020 suffigitur

338 4021 377 4068 bat
393 4038 407 4068 a
424 4023 491 4081 mari,
508 4023 606 4071 testibus
624 4021 688 4070 Livio
707 4035 764 4071 xxt.
783 4025 806 4070 7.
823 4033 848 4069 et
881 4039 909 4070 ex
920 4023 1095 4088 Tlrutydidc,l.
1107 4037 1136 4074 ιι.

338 4083 443 4149 Polybio,
463 4099 502 4135 ιιι.
525 4089 563 4137 19.
584 4087 621 4136 vel
640 4090 685 4135 tria
704 4087 775 4134 millia
797 4103 847 4150 pre·
912 4089 931 4126 ¹9
948 4087 977 4136 ld
989 4089 1103 4152 prirutim]
1120 4089 1386 4154 Scriptiiodeprlratr'm.

337 4164 414 4209 suum,
430 4167 458 4199 ex
478 4150 561 4212 Plinio,
579 4165 618 4202 ιιι.
635 4153 660 4200 3.
678 4163 703 4200 et
719 4154 781 4200 inter
798 4167 847 4200 rur·
879 4153 940 4214 Lege
950 4155 972 4200 ld
982 4163 1004 4202 et
1014 4156 1131 4217 priumie:
1146 4155 1320 4220 requiturcnira
1331 4169 1384 4204 mox

338 4213 425 4261 rirlmas
443 4217 510 4262 urbes
525 4219 612 4264 censeri
630 4217 719 4264 solitam
735 4215 847 4264 Cellariua
878 4227 900 4266 et
908 4219 1000 4278 prrblicr.

338 4279 414 4326 docet.
435 4281 521 4339 Geogr.
541 4281 599 4331 Aut.
620 4281 638 4330 l.
660 4295 688 4330 n.
708 4296 730 4328 c.
755 4282 777 4328 l.
799 4281 846 4328 ltr-
912 4281 934 4314 ἕο
950 4280 1041 4330 Homini
1056 4299 1099 4330 rma
1116 4284 1146 4332 od
1161 4292 1231 4332 ruera
1247 4283 1334 4334 Punica
1348 4287 1385 4333 in·

339 4354 385 4404 que
412 4341 467 4392 licet
497 4359 609 4406 nusquam
642 4345 696 4397 alias
726 4345 846 4404 Saguntini
876 4348 943 4410 genio
953 4345 1042 4408 callido]
1062 4347 1160 4396 Homini
1178 4363 1224 4396 non
1241 4361 1287 4396 ram
1305 4350 1386 4399 callido

336 4417 416 4469 portur
439 4407 478 4453 fiat
498 4411 595 4471 mentio,
615 4425 661 4458 nou
682 4422 717 4460 est
740 4426 782 4462 cur
797 4426 847 4464 sus·
880 4427 948 4478 quam
958 4410 1092 4465 utentem
1104 4411 1189 4466 Punica
1198 4414 1297 4476 ingruit.

335 4482 401 4536 pecta
419 4470 448 4520 rit
463 4472 528 4521 uobis
546 4475 617 4541 hujus
634 4475 677 4526 loci
692 4476 849 4540 scriptumst
