3092 5200
437 375 514 434 Llu.
534 374 635 436 XXX.
656 375 739 434 CAP.
757 373 889 433 XXXV.
1127 379 1185 434 581

24 535 36 581 ἶ
141 535 330 598 hastatorum
350 531 432 594 acies
455 541 544 592 esset.
588 527 637 590 lta
650 549 762 592 novum
777 530 817 590 de
831 529 951 608 integro
969 527 1111 610 proelium
1132 531 1340 588 or·U.c.⁵5u.'

23 623 33 662 '-
141 633 207 683 tum
222 632 287 681 est:
304 619 415 701 quippe
431 617 471 678 ad
481 637 565 676 veros
580 615 684 676 hostes
699 627 877 696 perventum
892 624 968 691 erat,
982 626 1014 676 et
1028 634 1183 676 armorum

1194 598 1227 648 Δ.
1234 597 1265 649 C.
1276 596 1334 648 2⁰2.

140 725 263 788 genere,
279 716 311 766 et
324 725 379 766 usu
395 702 519 778 militia,
534 712 566 762 et
581 699 664 760 fama
678 721 777 762 rerum
796 712 961 780 gestarum,
976 710 1008 761 et
1028 701 1183 781 magnitu-

25 806 29 838 2
144 791 272 854 dinevel
287 791 351 872 spei
376 788 422 850 vel
446 786 571 868 periculi
594 805 691 867 pares.
736 783 853 846 Sedet
877 805 1003 846 numero
1027 784 1183 847 Romanus

143 877 279 959 superior
303 885 378 952 erat,
402 884 433 935 et
456 873 578 934 animo:
607 871 689 951 quod
700 869 766 950 jam
781 870 908 951 equites,
924 868 991 950 jam
1005 870 1183 952 elephantos

141 962 279 1024 suderat:
292 961 370 1042 jam,
383 959 480 1042 prima
495 958 560 1020 acie
575 957 672 1039 pulsa,
685 957 718 1016 in
732 955 899 1017 secundam
914 956 1082 1037 pugnabat.

184 1045 315 1108 XXXV.
331 1044 366 1106 ln
387 1055 524 1126 tempore
545 1041 652 1104 laelius
672 1061 709 1102 ac
733 1039 906 1118 Masinissa,
926 1040 1028 1122 pulsos
1052 1061 1107 1122 per
1126 1041 1184 1103 ali·

142 1145 286 1214 errantum
312 1130 413 1213 spatii
426 1129 520 1191 secuti
544 1126 673 1209 equites,
699 1137 882 1188 revertentes
901 1126 933 1186 in
955 1147 1090 1188 aversam
1111 1127 1184 1188 hos-

142 1220 219 1281 tium
249 1217 347 1278 aciem
374 1216 535 1276 incurrere.
580 1211 609 1274 Is
640 1213 766 1292 demum
788 1213 925 1292 equitum
954 1212 1076 1294 inpetus
1104 1211 1185 1274 fudit

141 1305 272 1366 hostem.
297 1301 384 1364 multi
410 1300 603 1362 circumventi
627 1299 748 1360 inscie
774 1299 861 1360 caesis
886 1298 972 1359 multi
996 1318 1052 1380 per
1074 1308 1185 1380 paten-

140 1401 204 1450 tem
220 1386 302 1456 circa
315 1406 457 1468 campum
472 1385 545 1466 luga
558 1384 666 1467 sparsi,
692 1395 817 1447 tenente
830 1384 936 1446 omnia
949 1384 1097 1465 equitatu,
1112 1405 1186 1467 pas·

141 1475 199 1536 sim
230 1473 419 1536 interierunt.
468 1468 770 1552 Karthaginiensium
804 1471 1015 1552 sociorumque
1040 1490 1118 1532 casa
1145 1492 1183 1534 eo
1196 1475 1301 1552 Viam}

142 1560 192 1621 die
208 1579 298 1640 supra
313 1558 409 1620 millia
421 1557 527 1638 viginti
542 1580 549 1617 ε
577 1577 633 1640 par
653 1557 748 1618 ferme
764 1577 904 1618 numems
918 1568 1025 1639 captus
1040 1569 1099 1636 est,
1113 1577 1184 1619 cum
1196 1542 1304 1607 ω’.

142 1645 237 1725 signis
266 1643 445 1706 militaribus
468 1653 590 1705 centum
617 1643 743 1722 triginta
765 1642 872 1720 tribus,
896 1643 1066 1723 elephantis
1085 1644 1183 1705 unde·

143 1732 215 1792 sim.
258 1727 399 1790 Victores
423 1729 501 1790 ⁴lad
525 1728 586 1790 dno
610 1728 706 1790 millia
732 1728 880 1790 cecidere.
922 1726 1090 1804 Hannibal,
1113 1749 1184 1792 cum

142 1815 248 1898 paucis
273 1815 422 1895 equitibus
449 1815 527 1876 inter
551 1814 713 1876 tumultum
737 1814 869 1896 elapsus,
891 1812 1093 1877 Adrumetum
1114 1835 1185 1896 per-

143 1901 244 1982 fugit:
269 1901 372 1962 omnia
385 1911 417 1962 et
432 1901 463 1961 in
479 1901 595 1982 proelio,
618 1912 649 1962 et
671 1912 743 1963 ante
766 1901 874 1978 aciem,
897 1900 1072 1982 priusquam
1094 1920 1187 1963 exce·
1217 1943 1222 1949 -

144 1988 230 2050 deret
245 2007 357 2068 pugna,
380 1999 541 2068 expertus3
569 1997 602 2048 et
615 1985 805 2048 consessione
818 1987 911 2048 etiam
932 1983 1095 2068 Scipionis,
1116 2007 1187 2049 om·

144 2073 288 2154 niumque
309 2071 474 2154 peritorum
500 2072 627 2149 militiae,
652 2072 735 2134 illam
750 2072 872 2135 laudern
886 2071 1024 2155 adeptus,
1039 2071 1185 2154 singulari

144 2163 209 2220 arte
226 2158 322 2220 aciem
339 2178 376 2219 eo
392 2157 442 2218 die
457 2158 641 2220 instmxisse.
683 2157 873 2240 Elephantos
894 2158 926 2220 in
946 2159 1047 2239 prima
1064 2161 1184 2221 fronte:

145 2264 274 2324 quorum
296 2243 436 2306 fortuitus
460 2243 580 2324 inpetus
595 2256 687 2324 atque
701 2244 900 2306 intolerabilis
912 2242 968 2321 ris,
988 2244 1077 2325 signa
1089 2244 1186 2325 sequi,

143 2340 176 2390 at
189 2350 307 2391 servare
322 2329 454 2403 ordines,
481 2329 525 2407 (in
541 2349 602 2409 quo
621 2329 784 2411 plurimum
803 2329 868 2412 spei
883 2331 1043 2410 ponerent)
1069 2329 1187 2392 Roma·

142 2433 200 2476 nos
229 2414 414 2497 prohiberet.
459 2411 579 2476 Deinde
607 2414 766 2476 auxiliares
792 2426 862 2477 ante
881 2412 1186 2498 Karthaginiensium

145 2499 254 2582 aciem,
270 2521 308 2562 ne
324 2499 461 2560 homines
477 2499 565 2562 mixti
587 2509 649 2562 ex!
670 2499 851 2562 conluvione
873 2501 1008 2564 omnium
1035 2501 1186 2582 gentium,

143 2607 219 2668 quos
233 2608 296 2649 non
311 2585 386 2647 fides
408 2595 534 2662 teneret,
555 2585 609 2647 sed
632 2606 756 2664 merces,
782 2586 909 2649 liberum
930 2601 1086 2668 receptum
1107 2585 1186 2667 firgus

141 2672 298 2735 haberent.
328 2670 416 2732 simul
447 2672 578 2752 primurn
601 2670 740 2733 ardorem
769 2683 860 2753 atque
882 2672 1020 2753 inpetrmr
1050 2672 1185 2734 bostium

140 2758 365 2838 “excipientes
390 2755 574 2835 fatigarent3
600 2776 647 2832 ac,
671 2758 696 2817 si
720 2756 797 2818 nihil
817 2756 912 2832 aliud,
935 2758 1105 2820 vulneribus
1123 2758 1185 2819 suis

141 2842 266 2903 ferrum
276 2839 388 2902 hostile
411 2839 600 2901 hebetarent.
642 2838 734 2916 Tum,
753 2840 806 2901 ubi
820 2841 919 2901 omnis
935 2861 1005 2922 spes
1019 2853 1109 2918 esset,
1124 2842 1185 2903 mi·

140 2928 211 2989 lites
239 2922 509 3005 Karthaginienses
542 2923 712 3005 Afrosque:
748 2935 793 3002 ut,
823 2924 965 2986 omnibus
994 2922 1101 2988 rebus(
1116 2926 1184 2987 aliis

142 3032 241 3094 pares,
256 3032 304 3088 eo,
327 3008 409 3091 quod
420 3009 540 3090 ‚integri
563 3029 633 3071 curn
653 3008 739 3071 fessis
759 3030 795 3071 ac
810 3010 921 3071 sauciis
935 3022 1116 3093 pugnarent,
1130 3031 1184 3071 sn·

142 3097 276 3179 periores
303 3106 422 3157 essent:
461 3092 594 3172 Italicos,
621 3095 779 3158 intervallo
802 3116 921 3177 quoque
947 3096 1104 3175 diremtos,
1133 3096 1183 3157 in·

141 3194 241 3244 certos
263 3181 338 3243 socii
361 3200 400 3241 an
422 3180 525 3241 hostes
558 3193 669 3258 essent,
702 3180 733 3242 in
764 3193 951 3263 postremam
979 3182 1077 3243 aciem
1109 3182 1183 3243 sub-

140 3280 254 3330 motos.
299 3265 369 3329 Hoc
398 3266 479 3327 edito
500 3266 583 3327 velut
608 3266 717 3328 ultimo
742 3267 859 3329 virtutis
890 3287 992 3350 opere,
1013 3266 1182 3345 Hannibal,

63 3354 71 3365 '
143 3374 236 3433 quum
255 3352 457 3413 Adrumetum
481 3350 649 3433 refugisset,
665 3352 843 3434 adcitusque
865 3351 937 3415 inde
957 3350 1182 3433 Karthaginem

143 3442 170 3487 ⁴7
179 3449 267 3500 sexto
282 3459 318 3499 ac
336 3438 492 3518 trigesimo
514 3447 584 3519 post
603 3458 695 3516 mino,
721 3458 813 3518 quam
837 3458 912 3519 puer
935 3438 1006 3500 inde
1030 3437 1181 3520 profectus

141 3536 217 3601 erat,
242 3523 379 3601 redisset,
402 3522 498 3585 lassus
516 3521 549 3584 in
563 3523 647 3585 curia
661 3535 719 3601 est,
740 3544 803 3585 non
819 3524 926 3607 proelio
947 3523 1041 3587 modo
1062 3544 1107 3604 se,
1126 3522 1182 3589 sed

526 3707 574 3749 ter
583 3700 629 3751 del.
641 3700 714 3753 Gran.
726 3702 793 3753 Crer.

170 3828 297 3891 aaran
316 3838 397 3901 nun]
422 3839 559 3889 emanatio
576 3840 643 3903 sigo.
673 3804 718 3894 aas
734 3814 870 3911 'rania
904 3814 973 3911 ῳὶω
999 3848 1037 3899 aa
1061 3864 1121 3914 pes·
1147 3849 1178 3902 aa

134 3905 365 4019 ωΐαὲυιω
387 3905 491 3971 Polybio.
523 3904 595 3965 Libri,
612 3908 643 3955 ad
671 3910 893 4025 ἔῇωὴιέιὶῐίώ
910 3926 1005 4026 noceri
1028 3914 1105 3965 Grani
1121 3931 1179 4031 aspc-

170 4031 193 4069 ⁴⁶
204 4032 481 4101 Recipiuntersarigamt,
493 4050 530 4093 ac,
546 4037 566 4083 ri
582 4034 641 4083 nihil
671 4038 741 4088 ima
755 3992 1010 4103 uusmndgn'pir
1021 3985 1178 4106 3112.er

136 4097 410 4160 diudmaiaeriburuis]
439 4098 544 4161 Hesiona
562 4098 639 4163 scripti
670 4101 770 4162 obrem
785 4103 971 4163 ramula
1000 4103 1130 4166 dmum
1146 4109 1176 4158 db

138 4176 188 4239 apa
211 4172 335 4238 mumanae
361 4162 393 4213 τὰ
416 4162 545 4228 sarigim
569 4180 598 4213 as
620 4163 642 4211 si
670 4140 1162 4250 rhhplprirhaurhdricaidur“

22 4359 28 4403 l
137 4355 227 4417 pinara
252 4355 352 4417 perunit
377 4352 503 4419 Grortorio,
524 4357 641 4405 miramur.
704 4358 725 4396 ⁴²
741 4358 805 4409 Sesto
829 4376 858 4409 ac
886 4362 997 4423 trigesimo
1028 4372 1076 4424 pu
1109 4380 1176 4424 cau,

137 4418 248 4467 &teram
282 4432 324 4481 pro
349 4417 438 4479 vulgata
470 4422 568 4471 letricus
594 4432 641 4469 urst
670 4436 736 4483 quom
748 4424 816 4489 puer]
842 4424 1174 4481 melrladasshia·

135 4484 211 4548 amiur
227 4484 306 4543 mdes,
316 4482 393 4550 probru
403 4484 443 4535 ills
453 4486 545 4550 quidem
561 4498 638 4539 aaa:
669 4484 714 4537 lm.
