3092 5200
517 379 595 440 LIB.
609 377 725 446 xxlx.
743 378 827 442 CAP.
839 379 879 440 ll.
1156 387 1221 442 499

169 547 325 618 tamquam
347 544 468 618 pacato,
491 534 657 600 clementer
671 533 771 598 ductis
786 533 943 612 militibus,
959 533 1006 596 'ad
1018 533 1121 598 sedem
1135 533 1360 601 tonanter.
1431 560 1434 564 ⁴

171 622 247 684 tium
263 643 434 704 pervenere.
457 619 549 686 trium
575 621 703 684 millium
718 621 820 706 spatio
844 620 972 703 ⁹proeu1
996 642 1015 682 s
1036 621 1142 693 cestris
1153 637 1206 684 eo-
1218 612 1252 667 A·
1263 615 1292 663 ⁰·
1303 614 1359 664 ²⁰³*

170 729 237 772 rum
251 723 417 792 posuerunt
431 718 540 774 eastre.
585 706 685 772 Primo
709 727 764 789 per
786 707 905 790 legstos
918 708 1121 791 nequidquam
1136 720 1206 772 ten·

170 808 281 876 tatum,
307 807 342 860 ut
355 794 560 860 discederetur
574 794 613 857 ab
638 793 740 858 ermis.
755 794 838 873 dein,
853 813 946 876 quum
965 795 997 855 in
1012 795 1205 877 pabulatores

169 881 327 946 Romanos
339 884 459 968 inpetus
480 892 604 966 repente
620 881 658 944 sb
673 881 826 962 equitibus
842 879 986 965 Hispsnis
1000 881 1098 944 factus
1113 894 1205 960 esset,

171 971 319 1034 submisso
348 969 387 1031 ub
416 968 549 1032 statione
577 966 719 1032 Romana
746 969 893 1050 equitum,
931 967 1069 1051 proelium
1098 989 1205 1051 eques·
1237 999 1241 1005 ‚

169 1066 216 1118 tre
241 1055 308 1132 fnit,
338 1055 422 1120 hsud
450 1075 524 1118 sune
546 1055 745 1118 memorando
767 1055 799 1117 in
827 1066 947 1138 partem
969 1053 1061 1117 ullam
1084 1066 1205 1118 eventu.

170 1140 240 1204 Sole
262 1143 390 1222 oriente,
416 1153 539 1226 postero
562 1142 611 1204 die
634 1141 742 1206 srmsti
768 1142 968 1224 instructique
989 1162 1096 1204 omnes
1121 1140 1206 1203 mille

168 1227 264 1290 ferme
287 1249 393 1312 pessus
418 1229 524 1311 procul
553 1250 573 1292 e
598 1229 705 1292 castris
728 1227 884 1292 <Romanis
909 1229 1007 1292 aciem
1034 1228 1287 1304 ostenderettee·
1296 1237 1354 1288 tte-

167 1312 266 1378 Medii
291 1314 441 1378 Ausetani
469 1325 577 1380 ersnts
612 1335 725 1380 cornua
749 1316 891 1380 dextrum
918 1313 1072 1397 Ilergetes,
1099 1315 1205 1378 hrum
1217 1315 1334 1368 mm

167 1401 315 1482 ignobiles
329 1403 477 1466 tenebant
489 1401 621 1485 Hispani
634 1402 749 1486 populi.
793 1401 877 1467 Inter
891 1421 1006 1465 cornua
1021 1414 1054 1466 et
1072 1401 1206 1464 mediam

167 1488 438 1552 scieurintervalla
452 1489 592 1572 petentia
606 1490 680 1552 setis
695 1490 757 1554 late
771 1487 928 1569 fecerent3
950 1510 1013 1570 qus
1025 1490 1207 1571 equitatum,

167 1574 219 1636 ubi
235 1585 355 1658 tempus
369 1585 461 1654 esset,
476 1575 660 1640 emitterent.
702 1574 744 1640 Et
766 1574 908 1655 Romani,
928 1595 1013 1639 more
1039 1592 1095 1639 suo
1118 1596 1207 1638 exer·

168 1661 264 1724 citum
288 1681 381 1742 quum
406 1661 626 1744 instruxissent,
652 1662 685 1726 id
708 1663 802 1726 modo
827 1663 961 1726 hostium
987 1662 1098 1726 imitati
1125 1673 1207 1741 sunt,
1325 1661 1343 1690 ”

168 1758 203 1809 ut
229 1748 308 1810 inter
329 1747 462 1830 legiones
488 1761 520 1812 et
545 1749 602 1832 ipsi
629 1759 770 1832 petentes
794 1749 889 1830 equiti
910 1750 1114 1832 relinquerent
1133 1751 1208 1811 vias.

170 1831 311 1898 Ceterum
337 1831 494 1914 Lentulus,
520 1837 548 1898 ei
574 1836 654 1918 parti
680 1855 769 1900 usum
793 1836 904 1918 equitis
929 1834 995 1900 fore
1020 1845 1115 1914 ratus,
1143 1845 1282 1923 quatere
1291 1855 1351 1906 rr·-

169 1919 251 2003 prior
265 1920 297 1982 in
311 1919 521 1986 dehiscentem
536 1921 701 1986 intervallis
716 1922 851 1986 hostium
876 1922 975 1985 eciem
994 1922 1113 2004 equites
1131 1911 1287 1984 emi-hm·
1429 1937 1439 1946 '

169 2007 268 2085 sisset,
298 2003 363 2070 Ser.
384 2006 527 2070 Cornelio
552 2009 674 2070 tribuno
700 2007 832 2072 militum
846 2008 989 2091 imperat,
1017 2008 1136 2090 equites
1156 2027 1210 2090 per

123 2173 125 2177 ι
171 2104 311 2174 petentes
321 2093 358 2162 ju
373 2094 507 2158 hostium
522 2093 587 2159 teis
606 2093 670 2158 das
679 2094 865 2193 permittere
878 2114 974 2176 equos
983 2093 1111 2176 jubente
1133 2094 1211 2176 ipse,

169 2190 301 2328 titt
303 2179 723 2348 retirement
724 2191 1120 2330 mm,
1134 2179 1211 2329 lt?

170 2363 257 2434 getes
273 2355 298 2394 ¹⁰
312 2351 415 2418 locuta
435 2364 510 2430 eret,
534 2352 825 2418 tertiumdecimum
841 2353 997 2436 legionem
1014 2373 1054 2414 ex
1070 2352 1211 2415 subsidiis

171 2439 203 2502 in
220 2440 350 2523 primsm
373 2439 471 2506 eciem
492 2439 715 2502 firmamentum
732 2439 838 2518 ducit,
860 2452 1023 2523 postquam
1037 2449 1156 2520 equata
1168 2439 1211 2500 ibi
1437 2497 1442 2504 .

171 2545 276 2609 pugna
289 2537 348 2606 sat,
368 2526 408 2588 sd
423 2521 459 2589 la.
470 2523 633 2607 Manlium,
653 2526 736 2590 inter
750 2527 849 2611 prima
865 2527 954 2610 signe
968 2528 1153 2605 hortautetn,
1174 2545 1211 2586 sc
1282 2545 1285 2552 ·
1319 2545 1324 2552 ·

171 2612 316 2693 subsidia,
330 2614 438 2697 quibus
446 2634 495 2677 res
504 2614 687 2697 postulabat,
699 2614 787 2693 locis,
801 2615 1009 2693 inducentem,
1022 2614 1116 2692 venit,
1131 2612 1212 2675 iudi·

172 2710 224 2765 cat
238 2712 307 2763 tuts
320 2702 360 2765 sb
374 2701 448 2765 levo
469 2720 564 2772 comu
579 2722 665 2765 esses
684 2699 752 2783 jam
766 2700 895 2764 missum
915 2702 957 2765 ab
977 2722 1012 2764 sc
1036 2699 1212 2763 Cornelium

172 2782 310 2851 Servmm
332 2788 467 2871 procelle
487 2788 620 2869 equestri
646 2788 751 2851 hostes
770 2787 1033 2851 circumtunsam
1074 2784 1213 2849 Vixlsrec

173 2873 258 2935 dicta
272 2872 408 2953 dederet,
430 2892 522 2955 quum
543 2871 675 2935 Romani
690 2873 818 2954 equites,
832 2874 865 2935 in
879 2874 996 2937 medios
1012 2873 1212 2935 insecutos

171 2968 231 3035 tes,
242 2958 332 3021 simul
343 2960 497 3041 pedestres
512 2960 593 3025 asie
604 2960 773 3037 mrbsmm,
788 2959 878 3023 simul
890 2960 1041 3040 equitibus
1055 2956 1213 3041 Hispano-

173 3064 240 3107 rum
254 3042 334 3109 vlsm
349 3044 524 3109 immittendi
540 3065 633 3129 equos
648 3045 831 3108 ulstrserunt.
874 3043 992 3127 ltaque,
1008 3046 1122 3107 omissa
1135 3064 1214 3127 pug-
1280 3076 1286 3085 ·
1335 3078 1339 3084 ·
1380 3078 1384 3084 ·

172 3150 215 3196 ns
228 3131 371 3213 equestri,
387 3135 410 3173 ¹¹
421 3133 461 3195 ad
475 3130 649 3214 pedestrem
663 3129 797 3213 Hispani
811 3132 1044 3195 dssoenderunt.
1080 3129 1213 3193 Romani

174 3218 384 3299 imperatores,
405 3228 450 3285 ut*
464 3218 601 3281 turbatos
620 3216 755 3281 hostium
775 3218 908 3297 ordines,
930 3229 964 3283 et
978 3218 1213 3301 trepidationem

173 3324 384 3387 pavoremque,
404 3315 438 3372 at
460 3302 793 3371 tucmmtiavidemnt
806 3305 906 3388 signa,
929 3305 1214 3387 hermamonem
1315 3302 1319 3311 '

172 3390 296 3469 milites,
311 3390 331 3429 ‘⁶
343 3390 930 3475 ¹¹utpsmulmslnrsdsntneurestitui
942 3392 1040 3457 aciem
1050 3393 1214 3475 paemen.

173 3498 235 3543 uon
249 3478 464 3545 sustinuissent
484 3490 550 3545 tam
572 3476 716 3545 infestum
730 3475 868 3565 inpetum
882 3479 1013 3562 berturi,
1033 3480 1066 3545 ni
1089 3483 1215 3563 ”regu-

203 3742 349 3813 ΜΝ]
368 3744 423 3797 Hos
443 3744 575 3797 adverbium
592 3746 677 3795 redsa·
741 3745 763 3781 ¹²
788 3744 946 3809 Uspemlns
964 3741 1082 3807 mum]
1111 3742 1215 3795 veum
1255 3779 1258 3783 ι

173 3811 227 3859 ἀπο
240 3808 340 3870 videtur,
353 3812 490 3877 imopuun
503 3822 629 3878 opportune
637 3810 677 3859 sd-
707 3809 816 3861 nltimam
837 3821 911 3861 urm
933 3809 1068 3859 Victorinus
1087 3812 1169 3874 codex,
1190 3823 1215 3859 et

172 3878 328 3989 effi
342 3939 401 4003 m
419 3940 458 3991 n
474 3940 554 3989 nn
573 3940 678 3990 nnn
708 3874 1215 4007 mmmmm
1383 3944 1387 3953 -

68 4004 75 4015 '
176 4004 258 4055 sodex.
287 4006 679 4070 tennemonn-,mertines-
709 4004 1111 4069 iibnnmumsccid'netudicsnns

175 4070 245 4134 virm,
257 4084 326 4129 mona
335 4080 391 4121 erut.
411 4072 478 4121 Vert.
488 4073 544 4121 editi
555 4083 679 4151 utrumque
743 4072 763 4106 ¹³
780 4071 881 4149 Regulus
894 4072 963 4133 ipss..
975 4088 1052 4120 ..seor
1066 4071 1173 4133 equitibus
1184 4073 1215 4119 od

173 4136 680 4263 tttmtmmtttt
707 4139 772 4250 stt
781 4134 1215 4268 &leffe-m&

175 4265 681 4381 “tttffill'ffibttw‘mn
710 4265 1061 4394 tantem
1073 4266 1216 4380 sets.

173 4332 496 4530 mppptql‘ffqqq
504 4346 622 4515 ᾖα.
639 4397 682 4447 u-
713 4404 924 4511 qaemsqm,
940 4364 1062 4459 seimus
1080 4407 1141 4448 nt
1158 4396 1216 4459 ass

514 4520 521 4533 .
588 4478 604 4515 ο
625 4476 682 4528 rus·
789 4496 797 4515 ·

174 4532 267 4595 nerent·
745 4576 749 4585 ,

697 4591 756 4663 rrk
772 4611 790 4663 s
