3092 5200
464 397 541 458 LIB.
562 395 680 456 XXIX.
701 395 784 456 CAP.
802 395 901 456 XXV.
1147 399 1206 456 tat

156 551 273 633 ‘dum,'
284 559 339 617 ait.
365 552 515 632 ‘lnstnre,
529 565 564 616 ut
579 552 610 613 in
620 551 756 614 Africam
766 550 990 634 quamprimum
1002 549 1146 634 trajiciat,
1155 571 1206 614 so·
1218 548 1253 602 u.
1264 551 1294 602 0·
1305 558 1363 606 ⁵⁴⁸-

153 641 166 674 ‘
181 643 245 704 cios
255 661 353 725 reges.
384 639 578 702 Masinissam
590 638 672 720 prius
684 638 784 719 ipsum
796 638 837 698 ad
848 635 975 698 lelium
986 637 1114 716 venisse,
1126 659 1204 720 que·
1219 617 1252 667 Α·
1262 619 1292 670 ⁰·
1302 623 1360 672 ²⁰⁴·

155 727 168 763 ‘
183 739 312 808 rentem,
327 727 409 810 quod
424 725 598 788 cunctando
621 735 742 806 tempus
757 735 915 786 tereretur.
930 743 1012 786 nuuc
1032 720 1204 807 Syphacem

154 814 167 848 ‘
181 815 302 878 mittere
316 815 444 896 legatos,
456 812 538 874 idem
551 811 765 887 admirantem,
777 829 843 891 que
858 820 923 871 tam
943 809 1092 872 diuturna
1113 832 1206 875 mone

155 899 223 964 ‘sit
244 921 368 964 caussas
395 899 671 983 postulantemque,
695 909 732 959 ut
756 907 810 958 aut
832 894 1001 976 trajiciatur
1023 897 1148 960 tandem
1171 900 1203 961 in

155 987 173 1021 ‘'
182 988 317 1051 Africam
331 985 491 1062 exercitus,
507 996 571 1064 aut,
581 985 606 1046 si
617 993 736 1047 mutata
746 983 955 1061 consiliasint,
968 982 1081 1045 certior
1092 985 1158 1062 fiat,
1168 997 1205 1047 ut

12 1082 14 1090 “
87 1133 90 1140 ,
155 1074 214 1137 ‘et
229 1075 292 1157 ipse
307 1073 364 1135 sibi
380 1093 416 1134 ac
430 1093 524 1154 regno
539 1093 595 1133 suo
609 1071 707 1153 possit
721 1069 889 1132 consulere.
919 1067 1074 1150 ²²Itaque,
1089 1071 1204 1152 paratis

156 1160 243 1242 ‘jam
259 1160 400 1223 omnibus
426 1159 653 1240 instructisque,
670 1167 703 1219 et
724 1177 757 1218 re
773 1154 840 1236 jam
860 1177 922 1217 non
942 1155 1023 1219 ultra
1035 1157 1204 1239 recipiente

123 1291 128 1314 .
155 1245 167 1279 ‘
182 1248 419 1324 cunctationem,
434 1246 465 1306 in
481 1245 584 1306 animo
600 1244 657 1305 sibi
672 1264 749 1321 esse,
764 1239 931 1326 Lilybaeum
942 1243 1039 1306 classe
1050 1243 1203 1324 traducta,

155 1332 167 1366 ‘
182 1333 349 1417 eodemque
355 1331 495 1395 omnibus
501 1331 638 1414 peditum
644 1329 839 1410 equitumque
851 1330 947 1412 copiis
955 1330 1132 1409 contractis,
1138 1352 1204 1412 qua

155 1419 281 1503 ‘prima
303 1420 368 1481 dies
384 1437 504 1480 cursum
520 1417 647 1480 navibus
662 1417 760 1495 daret,
778 1415 853 1478 Deis
867 1416 945 1478 bene
960 1415 1147 1498 juvantibus,
1170 1419 1203 1480 in
1304 1411 1308 1416 ’

152 1505 166 1540 ‘
181 1506 317 1568 Africam
328 1503 490 1586 trajicere?
512 1501 680 1566 Literasad
692 1501 739 1565 M.
752 1502 954 1586 Pomponium
963 1504 1071 1583 mittit,
1082 1517 1127 1583 ut,
1138 1505 1164 1566 si
1174 1505 1203 1567 ei

153 1593 318 1670 videretur,
333 1590 498 1676 Lilybaeum
507 1591 638 1654 veniret:
654 1591 898 1653 utcomnruniter
909 1591 1112 1670 consulerent,
1127 1612 1203 1674 quas
1216 1603 1239 1652 lt
1249 1603 1355 1670 lilybe-

153 1679 346 1763 potissimum
361 1677 495 1760 legiones
504 1677 531 1756 ¹¹,
554 1688 586 1740 et
596 1689 744 1759 quantum
758 1676 890 1740 militum
902 1697 1061 1739 numerum
1076 1679 1108 1740 in
1119 1678 1203 1741 Airi-
1214 1684 1266 1721 ⁰¹¹¹·

154 1785 224 1827 cam
241 1763 405 1847 trajiceret.
418 1765 491 1826 item
507 1765 620 1826 circum
632 1784 717 1826 oram
728 1783 853 1826 ornnem
865 1764 1050 1826 maritimam
1061 1765 1157 1844 misit,
1168 1777 1205 1829 ut

154 1871 247 1914 naves
259 1852 403 1914 oneraria
413 1851 639 1934 comprehensa
653 1848 855 1934 ”Lilybaeum
866 1871 974 1912 omnes
983 1851 1204 1918 contraheren-

153 1949 215 2001 tur.
248 1938 404 2020 Quidquid
417 1939 548 2000 militum
562 1937 745 2018 naviumque
757 1937 790 1997 in
805 1934 909 1998 Sicilia
925 1949 1000 2015 erat,
1010 1957 1103 2019 quum
1118 1937 1202 2024 Lily-

153 2027 253 2088 baeum
270 2026 491 2105 convenissent,
512 2037 545 2088 et
560 2045 615 2086 nec
630 2024 701 2086 urbs
720 2023 946 2086 multitudinem
961 2024 1130 2103 homiuum,
1145 2046 1204 2088 nec

130 2169 132 2174 .
153 2123 263 2196 portus
286 2132 378 2174 naves
397 2122 531 2194 caperet,
558 2121 662 2173 tantus
680 2110 821 2172 omnibus
835 2110 926 2172 ardor
940 2123 1006 2174 erat
1020 2111 1051 2172 in
1066 2110 1204 2175 Africam

156 2197 342 2279 trajiciendi,
366 2210 401 2261 ut
424 2219 486 2260 non
508 2196 549 2260 ad
571 2198 684 2260 bellum
707 2197 777 2259 duci
796 2195 980 2275 viderentur,
994 2196 1049 2260 sed
1064 2198 1104 2260 ad
1119 2211 1205 2261 certa

155 2286 290 2348 victorie
305 2285 438 2368 praemia.
452 2284 613 2369 praecipue,
628 2285 678 2368 qui
692 2285 876 2368 superabant
892 2304 932 2346 ex
946 2283 1100 2346 Cannensi
1115 2305 1206 2348 exer-

156 2372 232 2450 citu,
247 2371 370 2452 milites,
385 2373 447 2450 illo,
463 2393 525 2434 non
541 2371 601 2432 alio
616 2371 703 2449 duce,
719 2370 896 2449 credebant,
910 2383 1022 2434 navata
1032 2372 1204 2455 reipublice

154 2471 260 2541 opera,
290 2458 377 2521 finire
403 2480 436 2521 se
461 2458 603 2520 militiam
632 2457 868 2540 ignominiosam
892 2478 992 2540 posse.
1034 2455 1077 2520 Et
1098 2456 1204 2543 Scipio

153 2546 280 2608 minime
305 2545 337 2609 id
358 2565 454 2628 genus
480 2545 611 2609 militnm
639 2545 897 2629 adspemabatur:
922 2555 958 2608 ut
979 2545 1031 2628 qui
1051 2547 1203 2631 nequead

153 2631 277 2696 Cannas
292 2633 412 2715 ignavia
426 2654 531 2697 eorum
551 2632 670 2695 cladem
694 2642 852 2716 acceptam
878 2632 981 2711 sciret,
1005 2653 1104 2714 neque
1123 2634 1204 2697 ullos

152 2740 236 2803 mque
254 2731 369 2783 veteres
390 2720 501 2783 milites
525 2721 557 2782 in
580 2719 716 2781 exercitu
741 2717 884 2781 Romano
902 2740 979 2799 esse,
1000 2731 1203 2803 expertosque

152 2828 216 2869 non
245 2807 335 2868 variis
354 2806 453 2890 proelii
485 2806 588 2882 modo,
617 2804 672 2867 sed
701 2806 824 2868 urbibus
854 2806 947 2868 etiarn
978 2807 1203 2891 obpugnandis.

154 2892 270 2963 Quinta
284 2904 317 2954 et
331 2904 420 2954 sexta
434 2890 609 2953 Cannenses
623 2902 711 2953 erant
726 2891 871 2973 legiones.
887 2913 940 2953 eas
953 2912 987 2953 se
1001 2892 1201 2974 trajectarum

154 2980 187 3040 in
202 2977 338 3040 Africam
353 2998 445 3061 quum
461 2976 599 3056 dixisset,
614 2976 748 3058 singulos
764 2978 877 3039 milites
892 2978 1046 3061 impertita
1070 2979 1202 3046 relictis·

155 3083 227 3147 que,
242 3082 318 3145 quos
340 3084 402 3127 non
426 3062 552 3126 idoneos
575 3062 731 3141 credebat,
754 3064 787 3127 in
810 3063 912 3126 locum
935 3084 1041 3126 eorum
1059 3064 1201 3145 subjecit,

154 3170 231 3234 quos
247 3170 350 3213 secum
364 3172 403 3213 ex
413 3149 502 3213 ltalia
512 3149 699 3227 adduxerat3
716 3150 927 3233 supplevitque
938 3150 983 3211 ita
992 3171 1045 3211 eas
1054 3151 1201 3232 legiones,

153 3250 188 3301 ut
204 3238 329 3320 singule
343 3258 417 3300 sena
430 3236 527 3300 millia
541 3247 573 3299 et
587 3236 720 3298 ducenos
741 3236 872 3320 pedites,
893 3248 1034 3299 trecenos
1053 3237 1203 3300 haberent

153 3325 289 3409 equites:
309 3325 459 3387 sociorum
474 3324 549 3387 item
563 3321 666 3386 Latini
680 3324 814 3384 nominis
826 3322 947 3406 pedites
968 3324 1145 3406 equitesque
1160 3325 1200 3387 de

154 3411 291 3473 exercitu
306 3409 460 3474 Cannensi
474 3412 560 3494 legit.
832 3452 835 3459 -

196 3495 299 3563 XXV.
328 3498 483 3569 Quantum
508 3498 640 3561 militum
663 3496 695 3559 in
717 3496 856 3560 Africam
883 3507 1122 3580 transportatum
1146 3496 1199 3578 ait,

152 3604 214 3647 non
240 3605 334 3667 paruo
358 3606 484 3648 numero
507 3585 587 3648 inter
609 3594 748 3647 auctores
779 3582 941 3666 discrepat.
983 3583 1066 3646 Alibi
1090 3586 1200 3649 decem

152 3671 250 3733 millia
265 3672 414 3755 peditum,
436 3673 499 3734 duo
521 3672 618 3734 millia
642 3684 675 3735 et
694 3672 843 3734 ducentos
864 3671 993 3752 equites,
1013 3670 1086 3732 alibi
1109 3672 1199 3733 sede-

155 3758 216 3821 cim
231 3757 327 3821 millia
341 3758 491 3842 peditum,
512 3759 596 3821 mille
619 3770 652 3821 et
676 3770 836 3821 sexcentos
860 3758 997 3841 equites3
1022 3758 1095 3819 alibi
1110 3771 1199 3842 parte

153 3845 221 3929 plus
237 3845 366 3909 dimidia
379 3866 443 3909 rem
459 3856 591 3926 auctam,
607 3844 739 3927 quinque
754 3857 786 3909 et
802 3845 931 3926 triginta
949 3844 1046 3907 millia
1060 3845 1199 3929 peditum

465 4004 579 4073 ¹¹legiones
584 4007 718 4070 puluinum
728 4002 803 4055 Grou.
811 4002 883 4054 Cres.

187 4154 211 4189 θ’
220 4152 392 4282 ltoqppsspprffl
397 4156 449 4217 jam
459 4154 658 4203 omnibrssiasturc·
690 4152 776 4215 regius,
784 4150 851 4216 plens
861 4161 888 4200 ut
898 4150 1018 4199 edidimus.

155 4220 255 4333 mdes
264 4286 377 4335 instaretis
385 4220 660 4349 :paritez-&32⁶2
691 4218 746 4332 Pul.
752 4216 1004 4342 {immicum
1021 4296 1110 4345 msuus,
1121 4213 1150 4329 et]
1156 4216 1198 4330 32⁰

153 4352 265 4410 oppos-stis
281 4351 345 4399 nullu
360 4362 433 4400 exstat
447 4352 472 4399 irr
488 4350 575 4406 codice,
590 4362 659 4413 quem
691 4348 823 4398 tristissimae
843 4347 945 4395 Andreae
965 4359 990 4395 st
1011 4344 1120 4410 Campani
1147 4346 1197 4394 edi·

152 4426 192 4462 sut
208 4412 346 4476 Gronovius,
364 4428 404 4465 sut
423 4426 465 4465 not
485 4416 657 4480 inspexerimus.
688 4415 780 4463 nones:
802 4412 884 4462 melta·
902 4427 970 4476 quem
985 4412 1045 4475 quod
1057 4412 1198 4461 recentium

153 4478 285 4543 Csutsbrig.
302 4492 361 4530 teste
378 4482 427 4531 Jsc.
442 4480 569 4542 Gronosio,
585 4480 658 4529 habet
689 4482 761 4533 editus
771 4479 974 4539 effluentum
983 4478 1131 4527 mmor.

148 4542 227 4631 'usquc
239 4548 295 4597 ratis
308 4548 360 4611 jum
377 4547 474 4599 arabus
493 4548 658 4613 immanique:
