3092 5200
451 385 887 467 maxamacnaxnn.
1131 388 1205 473 aar⁴

141 542 319 605 intererant.
363 539 496 603 Castra!
512 538 626 600 Punica
646 558 682 600 ec
705 537 848 599 Romana
865 538 944 599 inter
961 535 1086 615 jacebat
1099 556 1185 599 cam·
1199 552 1233 604 u.
1244 552 1274 603 c.
1286 555 1343 603 545.
1364 589 1370 601 .

140 648 208 709 pus,
226 628 328 704 'colles
355 626 543 688 inminebant
572 625 645 686 nudi
676 624 797 685 sinistro
827 622 915 684 lateri
930 621 1184 703 'Karthaginien-
1198 616 1360 697 ΜΝ,

140 714 230 791 sium,
254 713 362 777 dextro
384 712 603 789 Romanorum,
628 711 746 771 neutris
771 708 916 789 suspecti,
942 707 1025 789 quod
1040 708 1114 768 nihil
1130 710 1184 770 sil·

140 819 184 860 vae
199 820 297 879 neque
312 799 352 861 ad
367 798 491 860 insidias
513 797 695 859 latebrarum
717 796 881 856 habebant.
925 791 961 854 ln
981 793 1083 854 medio
1098 814 1183 855 cam·

137 905 180 967 po
195 886 235 946 ab
249 885 429 947 stationibus
444 895 656 965 procursantes
678 881 857 958 certamina,
882 880 964 941 haud
990 881 1063 939 satis
1088 878 1184 961 digna
1247 912 1251 920 ,

138 971 235 1047 dictu,
254 973 410 1037 serebant.
454 968 490 1031 ld
514 969 608 1031 niodo
634 967 809 1030 Romanum
840 986 971 1047 quaerere
1001 965 1181 1047 adparebat,

139 1077 179 1117 ne
194 1057 276 1119 abire
291 1059 410 1119 hostem
425 1067 588 1139 pateretur.
633 1052 800 1131 Hannibal,
822 1052 893 1114 inde
906 1051 1034 1113 evadere
1048 1051 1198 1135 cupiens„

142 1142 216 1203 totis
229 1143 338 1205 viribus
354 1143 386 1203 in
406 1143 504 1203 aciem
520 1140 736 1214 descendebat.
778 1136 860 1200 Tum
881 1138 997 1215 consul,
1025 1140 1049 1184 ¹⁷
1061 1136 1185 1219 ingenio

143 1228 239 1290 hostis
262 1250 344 1307 usus,
371 1248 432 1309 quo
448 1228 549 1289 minus
576 1227 607 1288 in
632 1238 697 1287 tam
723 1226 838 1307 apertis
852 1224 980 1285 collibus
996 1224 1095 1285 timeri
1111 1224 1184 1284 insi-

141 1314 199 1379 diae
213 1324 366 1397 poterant,
391 1314 524 1395 quinque
549 1312 700 1389 cohortes,
727 1310 840 1372 additis
863 1311 994 1391 quinque
1010 1309 1185 1391 manipulis,
1199 1322 1349 1375 rnsrnaetto-
1422 1380 1427 1389 .

141 1412 231 1462 nocte
242 1398 352 1481 jugum
367 1420 519 1481 superare,
545 1410 577 1460 et
597 1400 629 1459 in
653 1397 762 1459 aversis
776 1396 902 1457 vallibus
918 1395 1075 1457 considere
1086 1394 1186 1476 jubet.
1199 1404 1327 1442 mmm·

142 1497 261 1567 tempus
287 1485 468 1567 exsurgendi
489 1506 527 1547 err
553 1484 680 1562 insidiis,
710 1494 741 1544 et
760 1482 957 1564 adgrediendi
980 1484 1111 1559 hostem,
1134 1480 1186 1545 Ti.

143 1571 306 1635 Claudium
329 1571 467 1633 Asellum
490 1572 643 1633 tribunum
670 1569 802 1631 militum
823 1580 854 1629 et
875 1566 908 1629 P.
926 1566 1089 1630 Claudium
1109 1589 1186 1651 prae·

143 1659 258 1719 fectum
278 1659 396 1719 socium
420 1657 539 1737 edocet,
565 1678 640 1737 quos
666 1676 736 1718 cum
766 1655 804 1715 iis
829 1654 980 1716 mittebat.
1024 1652 1093 1737 lpse
1119 1654 1187 1716 luce

142 1745 244 1825 prima
263 1745 368 1825 copias
383 1764 488 1806 omnes
512 1743 649 1825 peditum
671 1740 866 1823 equitumque
891 1740 922 1801 in
950 1740 1046 1801 aciem
1073 1740 1188 1803 eduxit.

144 1826 251 1891 Paullo
265 1840 335 1911 post
349 1844 382 1892 et
394 1832 433 1891 ab
448 1828 622 1891 Hannibale
650 1828 770 1909 signum
795 1847 904 1910 pugnae
926 1826 1114 1909 propositum
1129 1836 1188 1904 est,

145 1916 320 1997 clamorque
343 1916 375 1978 iu
401 1918 507 1978 castris
534 1916 573 1977 ad
604 1936 687 1977 arma
712 1913 945 1975 discurrentium
969 1924 1016 1975 est
1042 1914 1190 1975 sublatus.

146 2001 217 2063 inde
244 2022 336 2083 eques
362 2002 516 2084 pedesque
544 2001 685 2063 certatim
713 2000 809 2081 portis
834 2020 930 2075 ruere,
954 2018 990 2060 ac
1015 1999 1109 2081 palati
1136 2020 1191 2081 per

46 2158 48 2162 7
146 2108 289 2169 campum
305 2110 465 2171 properare
486 2088 525 2149 ad
551 2087 663 2148 hostes.
702 2086 792 2157 'Quos
815 2086 866 2147 ubi
892 2085 1001 2147 effusos
1024 2084 1130 2147 consul
1145 2086 1190 2145 vi-

148 2174 211 2251 det,
233 2174 355 2236 tribuno
382 2175 512 2236 militum
535 2174 632 2235 tertiae
655 2172 782 2252 legionis
808 2170 844 2233 C.
867 2170 1072 2233 Aurunculeio
1090 2171 1191 2253 impe-

147 2275 206 2336 rat,
239 2273 274 2322 ut
296 2262 412 2341 equites
437 2261 577 2342 legionis,
602 2269 717 2340 quanto
743 2258 879 2319 maximo
903 2258 1009 2340 inpetu
1028 2256 1135 2339 possit,
1153 2256 1191 2331 in

146 2346 268 2414 bostem
287 2348 419 2409 emittat.
441 2347 486 2409 ita
501 2366 645 2429 pecorum
667 2343 761 2406 modo
788 2343 1007 2427 incompositos
1030 2353 1097 2403 toto
1120 2362 1192 2423 pas·

144 2432 205 2494 sim
219 2453 329 2515 campo
343 2454 376 2495 sc
391 2433 514 2512 fudisse,
537 2444 572 2495 ut
585 2431 680 2494 sterni
695 2430 863 2512 obterique,
887 2429 1061 2513 priusquam
1077 2428 1191 2491 instru·

149 2530 251 2595 antur,
265 2520 393 2601 possint.
738 2588 742 2594 ,

189 2604 288 2669 XLI‘l.
316 2604 461 2670 Nondum
485 2603 642 2670 Hannibal
666 2630 684 2671 e
710 2605 818 2675 eastris
842 2605 967 2687 exierat,
997 2625 1089 2693 quum
1114 2627 1192 2691 pug-
1205 2609 1359 2694 Ppepseou·

147 2694 287 2756 nantium
308 2693 474 2756 clamorem
490 2693 615 2756 audivit.
637 2697 750 2776 itaque,
772 2696 891 2758 excitus
910 2696 1055 2774 tumultu,
1081 2695 1192 2778 raptim
1205 2689 1317 2734 mm·

149 2780 189 2841 ad
204 2780 323 2841 hostem
350 2782 453 2863 copias
476 2782 550 2862 agit.
592 2779 664 2844 Jam
688 2781 803 2862 primos
823 2793 1025 2864 occupaverat
1047 2783 1191 2862 lleques-

148 2875 218 2926 ter*
242 2878 348 2928 terror.
373 2867 512 2950 pediturn
532 2867 626 2928 etiam
650 2866 748 2948 prima
769 2867 850 2948 legio
871 2879 904 2928 et
922 2865 1032 2928 dextra
1048 2867 1096 2940 ala
1110 2888 1192 2949 proe-

148 2951 223 3012 lium
251 2952 378 3013 inibant.
405 2953 600 3032 incompositi
624 2951 739 3026 hostes,
767 2966 803 3013 ut
829 2971 978 3035 quemque
1004 2963 1059 3014 aut
1083 2952 1193 3034 pediti,

149 3047 204 3098 aut
218 3037 314 3118 equiti
328 3057 415 3098 casus
441 3038 562 3114 obtulit,
586 3037 630 3097 ita
653 3047 817 3098 conserunt
831 3057 949 3098 manus.
963 3037 1073 3102 crescit
1088 3057 1193 3118 pugna

150 3121 302 3199 subsidiis,
323 3125 347 3161 ¹⁹
368 3135 401 3185 et
421 3123 661 3205 procurrentium
676 3122 715 3182 ad
731 3135 885 3185 certamen
901 3141 1029 3184 numero
1043 3135 1191 3202 augetur:

146 3221 380 3293 pugnantesque
407 3201 505 3290 (quod
527 3208 583 3268 nisi
611 3208 642 3268 in
666 3219 767 3269 vetere
789 3207 937 3285 exercitu,
962 3219 994 3269 et
1015 3207 1085 3268 duci
1101 3208 1194 3271 veteri

148 3294 232 3356 baud
258 3293 347 3356 facile
377 3295 437 3374 est)
466 3295 545 3356 inter
567 3292 732 3355 tumultum
762 3314 799 3355 ac
827 3307 972 3356 terrorem
1000 3293 1195 3358 instruxisset

150 3378 318 3459 Hannibal,
340 3381 372 3442 ui
395 3381 568 3443 cohortium
590 3400 625 3442 ac
652 3379 875 3462 manipulorum
890 3377 1117 3443 decurrentium
1139 3400 1194 3468 per

151 3504 191 3610 Gt
199 3512 275 3611 ‚ngas
283 3504 347 3545 aaut
357 3497 415 3547 inter
424 3505 496 3545 mna
508 3493 537 3543 P.
547 3513 574 3544 uc
585 3492 693 3542 Romana
710 3491 865 3558 inlaqueata,
873 3501 915 3545 ele.
924 3494 999 3546 Grou.
1067 3502 1078 3528 ⁸
1093 3494 1196 3559 muniris

176 3577 218 3611 rou
249 3577 297 3610 rev.
659 3573 663 3580 ’

148 3660 437 3712 mentimoeniaetcastra
448 3661 581 3712 Poeoonrur.
613 3660 655 3709 ln·
721 3663 742 3698 ¹⁸
759 3661 871 3727 Equearis
890 3667 971 3732 terror]
998 3669 1085 3736 Optimi
1107 3673 1194 3737 quique

147 3741 186 3776 ter
202 3727 288 3775 l’uuiu
305 3738 330 3776 et
351 3727 454 3775 Romans
475 3740 548 3776 essm
562 3727 655 3791 jacebat
684 3729 763 3792 eripi
783 3745 845 3792 eques
861 3739 937 3781 terror.
969 3735 1048 3798 ltaque
1069 3738 1193 3789 admodum

148 3807 250 3856 tempor.
289 3793 368 3842 Qum
389 3791 427 3840 bic
447 3793 564 3855 sequimur
584 3792 655 3854 script
685 3795 807 3857 probabilis
835 3809 870 3845 err
889 3797 1018 3850 ‚suisnarii
1042 3800 1193 3866 miccium

148 3871 241 3914 aarum,
255 3873 284 3904 cs
304 3871 340 3908 est
357 3859 611 3921 omnium-scriptorum
629 3867 654 3904 et
685 3869 781 3921 equester
791 3869 888 3909 terren·
1190 3889 1193 3902 ·

148 3933 207 3970 vert.
228 3921 349 3985 editamm
392 3921 467 3984 Vulgo
489 3938 551 3971 auae
571 3922 655 3983 legitur
720 3923 741 3959 ¹⁹
766 3922 800 3971 Et
823 3930 999 3984 praenimium
1026 3930 1056 3978 ad
1085 3940 1195 3980 aarum

149 3986 265 4050 quingenti
280 4004 353 4048 panus
369 3997 433 4036 erunt
448 3990 507 4036 inter
520 3993 593 4036 matra
604 3985 654 4034 Pu·
685 4003 781 4042 aunem
791 3990 898 4052 αιιςιιιιι]
918 3992 993 4042 Facile
1010 4007 1141 4059 pammur
1151 4007 1194 4044 to·

147 4053 200 4100 ru'os
216 4068 244 4099 ac
262 4051 369 4102 Roma.
398 4051 544 4114 tueamur
557 4067 654 4113 campus.
686 4063 737 4100 turn
755 4053 800 4101 lroe
819 4053 1002 4108 additamentum
1021 4051 1107 4117 nime.
1127 4061 1195 4120 culm

147 4115 218 4179 Qua⁴
226 4113 296 4165 lectio
312 4116 405 4167 omuino
421 4129 481 4165 erare
498 4133 544 4166 nou
555 4127 654 4180 poterat,
686 4119 921 4184 templanum
935 4133 983 4186 est,
1000 4124 1040 4172 sed
1057 4124 1134 4172 minna
1144 4125 1194 4172 'ele-

149 4186 302 4246 quumsuprs
310 4181 654 4233 ‹beaturcoasulmillelereet
685 4196 767 4244 pater
786 4197 913 4246 caprerias,
927 4202 966 4234 ac
986 4182 1086 4238 mhi
1107 4203 1194 4250 prace-

149 4247 370 4322 qpiapemorpassus
386 4259 458 4297 eastra
474 4248 503 4295 ab
517 4246 653 4295 banalem
685 4249 772 4309 deuris,
785 4250 861 4295 erasit
877 4255 1077 4312 pugnamus.
1110 4254 1193 4318 ltaque

148 4325 217 4358 vase.
686 4314 741 4361 illud
762 4327 805 4376 pro
824 4313 960 4374 glossemate
981 4319 1085 4366 videmur
1105 4318 1193 4368 babere

181 4375 203 4411 ¹⁷
221 4373 238 4403 θ
254 4371 347 4437 lagerio
365 4376 431 4424 &aab
447 4375 512 4441 usus]
530 4377 653 4438 Ingenium
685 4393 757 4443 paese,
770 4377 834 4441 quud
847 4393 876 4426 ει
891 4393 931 4428 ora
949 4381 1006 4434 libri.
1017 4383 1043 4433 ia
1057 4393 1192 4434 contextum

145 4438 350 4554 insufflatus,
376 4452 401 4489 er
425 4442 531 4491 advenas
553 4441 653 4493 l'oeauur
687 4455 773 4497 uasere
786 4443 919 4509 inquere
1011 4469 1015 4478 ·
1189 4471 1193 4496 ι

149 4516 199 4556 aare
272 4514 382 4554 autem·
1006 4533 1011 4540 ·
