3092 5200
498 359 576 419 ΠΒ.
590 356 693 420 XXII.
711 357 795 417 CAP.
810 356 889 416 LVI.
1137 360 1194 417 129

149 518 282 593 ceptam,
290 528 351 590 qua
364 506 452 571 fracti
467 504 623 571 Siciliane
639 504 781 569 Sardinia
795 525 922 583 cessere,
940 504 1012 567 irinc
1027 503 1191 587 vectigales
1204 525 1239 575 u,
1248 524 1278 576 c,
1289 526 1345 579 ⁵³6.

148 618 186 659 ac
201 594 412 677 stipendiarios
427 594 491 657 lieri
502 615 535 656 se
549 594 630 677 passi
645 592 751 662 suut?¹
775 604 827 655 aut
842 611 976 675 pugnam
992 591 1146 655 adversam
1158 592 1190 653 in
1204 592 1236 642 A·
1247 590 1276 645 0·
1286 592 1342 641 ²1⁶·
1359 662 1364 673 ἱ

147 680 262 760 Africa,
274 683 322 743 cui
331 695 439 764 postea
449 682 498 743 bic
510 681 576 763 ipae
586 678 740 743 Hannibal
749 677 944 755 subcubuitl¹
960 677 1043 741 nulla
1052 698 1091 739 ex
1102 688 1191 761 parte

148 767 361 849 comparanda
371 781 455 846 aunt,
467 767 526 829 nisi
538 766 622 849 quod
636 767 753 828 minore
768 766 871 829 animo
886 764 955 827 latae
970 775 1051 827 sunt.

190 850 255 915 LV.
276 853 311 915 P.
323 852 429 917 Furius
439 853 541 915 Philus
555 864 588 915 et
602 850 681 915 Mt*
693 851 878 935 Pomponius
894 860 1036 933 praetores
1050 860 1192 913 senatum

148 940 180 1001 in
195 940 311 1003 curiam
331 938 497 1003 Hostiliam
510 950 706 1017 rocaverunt,
725 950 761 1000 ut
775 938 813 1001 de
828 938 910 1000 mbis
925 937 1064 999 custodia
1081 956 1191 999 consu·
1204 942 1304 1022 senna

149 1027 258 1089 lerent.
272 1048 371 1111 neque
386 1027 468 1090 enim
484 1025 677 1103 dubitabant,
693 1023 801 1088 deletis
813 1024 1004 1103 exercitibus,
1017 1023 1139 1085 hostem
1153 1020 1193 1085 ad
1205 1008 1331 1123 ΞἪἮ

149 1114 388 1196 obpugnandam
402 1113 544 1191 Romam,
560 1112 644 1194 quod
657 1131 752 1173 unum
762 1132 839 1194 opus
854 1110 925 1172 belli
937 1120 1072 1187 restaret,
1084 1120 1193 1171 ventu-
1206 1090 1316 1189 ,ffflg

150 1220 227 1286 rum,
272 1199 374 1271 Quum
389 1200 421 1261 in
436 1199 535 1278 malis,
549 1198 629 1261 sicut
643 1196 827 1279 ingentibus,
848 1196 893 1259 ita
907 1196 1030 1279 ignotis,
1042 1216 1080 1258 ne
1092 1194 1194 1258 consi·
1266 1223 1271 1243 ι

149 1285 225 1347 lium
240 1285 364 1367 quidem
378 1287 453 1347 satis
472 1284 664 1368 expedirent,
681 1284 932 1365 obstreperetque
948 1282 1063 1345 clamor
1078 1282 1195 1345 lamen·

151 1372 285 1434 tantiam
299 1372 471 1451 mulierum,
484 1376 511 1417 ⁷⁵
522 1384 565 1450 et,
578 1370 714 1434 nondum
727 1370 828 1452 palam
844 1369 938 1449 laeto,
952 1369 1011 1431 vivi
1023 1368 1197 1451 mortuique

149 1478 205 1539 per
215 1478 322 1520 omnen
333 1479 412 1540 pene
421 1456 529 1519 domos
540 1458 710 1541 promiscue
721 1455 995 1539 complorarentur3
1011 1466 1078 1519 tum
1087 1456 1126 1526 Q.
1138 1452 1198 1517 Fa·

152 1544 220 1605 bius
235 1542 393 1605 Maximus
407 1544 538 1621 censuit,
552 1544 691 1623 ‘equites
705 1541 865 1626 expeditos
877 1554 911 1604 et
924 1541 1028 1625 Appia
1042 1555 1074 1605 et
1089 1540 1200 1607 huna
1210 1554 1330 1608 Sententia

152 1629 228 1690 ‘via
239 1629 419 1705 mittendos,
432 1630 528 1708 ⁷⁶qui,
548 1628 653 1690 obvios
672 1628 900 1711 percunctando
915 1629 1033 1709 aliquos
1044 1628 1199 1712 profectos
1211 1622 1266 1673 Μ’·
1276 1618 1342 1671 ΜΨ

153 1715 165 1747 ‘
181 1735 222 1775 ex
236 1714 319 1795 fuga,
334 1714 448 1796 passim
463 1711 636 1795 dissipatos,
650 1712 741 1775 forte¹
754 1713 898 1791 referant,
910 1735 976 1794 qua
986 1714 1110 1777 fortuna
1123 1737 1199 1778 con-

154 1800 166 1832 ‘
181 1800 281 1861 sulum
293 1811 385 1881 atque
395 1798 582 1862 exercituum
597 1799 637 1860 sit
642 1821 653 1875 3
676 1812 710 1863 et
724 1799 750 1859 si
761 1798 835 1880 quid
846 1796 899 1860 Dii
909 1800 1097 1878 inmortales,
1108 1802 1200 1863 mise-

155 1885 166 1919 ‘
181 1886 233 1947 riti
248 1885 378 1967 imperii,
393 1884 543 1967 reliquum
558 1883 700 1947 Romano
713 1885 831 1947 nomini
856 1883 1004 1947 fecerint:
1027 1885 1078 1947 ubi
1092 1906 1134 1948 ea
1148 1908 1202 1948 co-

154 1971 238 2054 ‘piae
253 1972 335 2033 sint:
359 1992 466 2051 quoae
489 1969 647 2032 Hannibal
667 1983 738 2053 post
758 1970 901 2054 proelium
913 1969 1105 2033 ¹contulerit:
1129 1972 1203 2053 quid

155 2059 167 2091 ‘
181 2068 281 2139 paret,
296 2058 370 2139 quid
384 2068 469 2141 agat,
485 2068 666 2139 acutiusque
687 2057 737 2119 sit.
782 2054 858 2119 Haec
872 2058 1060 2140 exploranda
1074 2058 1203 2121 noscenss

156 2144 167 2177 ‘
181 2144 281 2225 daque
295 2165 349 2227 per
362 2144 499 2228 inpigros
506 2142 634 2224 juvenes
646 2163 723 2205 esse.
734 2143 811 2205 illud
825 2164 880 2226 per
895 2142 999 2205 Patres
1014 2144 1097 2225 ipsos
1108 2165 1204 2227 agen-
1225 2204 1229 2211 ,

155 2230 167 2262 ‘
181 2230 266 2308 dum,
277 2231 422 2311 quoniam
436 2231 671 2312 magistratuum
686 2250 794 2312 parum
809 2230 859 2307 sit,
870 2241 904 2291 ut
915 2230 1081 2293 tumultum
1092 2251 1128 2294 ac
1141 2245 1204 2293 tre-

156 2316 168 2352 ‘
182 2316 371 2397 pidationem
386 2317 418 2378 in
433 2318 508 2379 urbe
525 2316 646 2394 tollant,
660 2328 817 2379 matronas
833 2316 958 2397 publico
977 2328 1113 2394 arceant,
1128 2336 1204 2391 con-

156 2401 331 2482 ‘tinerique
351 2403 430 2465 intra
452 2422 541 2465 suum
564 2422 717 2484 quamque
730 2402 826 2465 limen
841 2412 974 2485 cogant:
997 2402 1206 2486 comploratus

157 2487 169 2521 ‘
183 2488 368 2551 familiarum
376 2498 556 2553 coerceant:
574 2488 728 2551 silentium
741 2509 797 2571 per
811 2489 917 2549 urbem
929 2487 1060 2551 faciant:
1077 2490 1204 2553 nuncios

59 2590 65 2603 ·
156 2573 169 2609 ‘
183 2594 284 2638 rerum
298 2577 434 2641 omnium
449 2576 490 2638 ad
500 2587 644 2660 praetores
656 2574 852 2641 deducendos
867 2588 991 2638 curent:
1014 2596 1075 2638 suae
1089 2576 1204 2660 liquis·

157 2661 170 2695 ‘
184 2683 243 2744 que
251 2661 379 2726 turbina
387 2661 472 2725 domi
478 2673 638 2725 auctorem
647 2673 843 2744 exspectent:
860 2661 1087 2745 custodesque¹¹¹
1097 2674 1205 2746 prate-

158 2747 169 2780 ‘
184 2770 238 2812 rea
249 2747 405 2832 adportas
417 2759 545 2831 ponant,
561 2748 613 2829 qui
626 2748 822 2830 prohibeant,
837 2769 1021 2830 quemquam
1036 2751 1140 2830 egredi
1154 2769 1207 2812 ur·

158 2835 170 2866 ‘
181 2835 252 2897 bem
258 2857 269 2914 3
281 2845 454 2916 cogantque
464 2834 605 2897 homines
613 2832 739 2911 nullam,
748 2835 807 2896 nisi
817 2835 890 2896 urbe
900 2855 936 2896 ac
948 2835 1097 2898 moenibus
1106 2835 1206 2914 salvis,

157 2920 313 2982 ‘salutem
323 2941 453 3002 sperare.
473 2917 975 2998 Ubiconticuerittumultrrs‚recte
983 2921 1206 2984 tumineuriam

158 3007 170 3041 ‘
185 3004 291 3067 Patres
307 3007 504 3084 revocandos,
519 3005 798 3085 consulendumque
813 3005 852 3066 de
867 3005 948 3067 urbis
967 3009 1106 3069 custodia
1120 3005 1207 3070 esse!

203 3087 285 3152 LVI.
306 3090 440 3160 ”Quum
463 3091 496 3151 in
520 3089 600 3150 hanc
625 3091 807 3151 sententiam
831 3091 958 3173 pedibus
983 3112 1088 3154 onmes
1103 3094 1209 3170 issent,

154 3177 365 3256 submotoque
379 3174 446 3237 foro
460 3196 517 3256 per
532 3175 728 3255 magistratus
742 3175 844 3253 turba,
863 3175 967 3236 Patres
982 3177 1091 3238 diversi
1108 3176 1147 3238 ad
1162 3181 1210 3239 se'-

162 3262 284 3325 dandos
296 3262 443 3323 tumultus
457 3259 685 3338 discessissent3
707 3271 775 3322 tum
787 3261 909 3321 demum
920 3261 1015 3322 literae
1030 3283 1049 3324 a
1062 3259 1209 3325 Terentio

193 3369 272 3432 higna
282 3366 363 3419 interr.
374 3380 426 3432 post
434 3377 487 3416 runt
495 3379 521 3416 er
531 3368 648 3416 subcubuit
658 3365 752 3417 suanm
762 3379 788 3418 et
798 3367 922 3418 semicolon
933 3369 1034 3433 reposuit
1045 3370 1108 3434 Rup.
1152 3369 1164 3404 ¹⁸
1175 3369 1212 3420 Μ.

159 3437 236 3484 Grom
267 3449 316 3483 rer.
395 3434 519 3483 mando
547 3434 631 3496 aliqum
643 3434 777 3499 prefectu:
808 3435 1042 3500 ‚adbripotorfurel
1066 3435 1212 3502 Doer-Rup.

158 3431 386 3549 umbem!
535 3432 548 3498 (
786 3433 810 3499 s

158 3581 371 3643 mparncledarr:
387 3579 601 3644 querunridetur
609 3579 670 3628 tivit
733 3581 755 3617 ’Π
773 3578 869 3643 Quique
876 3612 950 3630 .....
959 3579 1089 3643 euprctmt]
1107 3580 1214 3628 Andrean

159 3661 251 3696 ''¹¹¹'‘
268 3644 670 3760 motmunt
700 3643 1214 3760 alterumalteum

160 3725 670 3854 &wthsmqmtlm
702 3725 828 3835 maala
838 3775 935 3839 reliqua,
952 3775 993 3824 aad
1007 3777 1036 3823 ad
1052 3743 1168 3838 queisque
1179 3774 1213 3834 ci·
1283 3817 1293 3834 ,

160 3838 672 3970 maranum
701 3839 885 3980 uum
903 3904 927 3950 2„
947 3903 1005 3952 ‚n
1173 3917 1214 3964 ‚r

162 3970 320 4047 antumpple,
337 3986 432 4034 qurum
446 3981 561 4030 cremat,
577 3984 671 4033 quanam
702 3969 766 4016 ddunt
778 3983 849 4016 m
863 3968 938 4029 amet]
957 3966 1038 4021 Quum
1049 3969 1109 4015 bane
1118 3979 1213 4046 maten·

160 4035 515 4160 “tlldntllulbbrr'oepncuutnde
448 4068 452 4074 .
522 4100 672 4163 Quum
703 4032 1020 4158 blalrllurmlenrlltoprbbwr'lili
1029 4031 1213 4162 irr'libnfbguaeg

153 4163 228 4227 sm
242 4181 268 4214 a
277 4162 354 4228 suga]
374 4164 421 4212 llic
436 4163 521 4226 aliquid
536 4177 572 4212 cur
587 4165 673 4214 redum·
704 4163 851 4220 mantiam.
871 4177 944 4225 quum
964 4176 1026 4220 eaor,
1046 4175 1093 4208 non
1106 4177 1169 4222 ‚uoce
1188 4171 1213 4220 et
1284 4189 1286 4192 ·

162 4229 219 4276 daus
232 4240 261 4308 εξ
271 4231 444 4284 monum.
458 4244 502 4278 nec
511 4230 567 4278 ratis
574 4230 675 4305 liviam
704 4229 789 4290 verbis,
807 4229 847 4276 red
865 4228 913 4275 rolo
929 4226 1013 4304 pedpm
1028 4237 1110 4339 μυῖα,
1123 4227 1212 4304 'proba-

126 4288 137 4313 ‘
164 4291 278 4352 elqrutn
294 4295 400 4355 dignum.
433 4292 587 4358 Vara-procul
603 4295 673 4344 dubio
704 4291 1051 4354 tanqtmreundmuoern
1074 4293 1214 4352 snerllrmre

94 4420 98 4429 Ι
165 4355 258 4406 atta.
269 4357 532 4438 Gr'oaouiiemeodatio:
551 4359 674 4414 naara
704 4357 962 4475 penarp,b‚ppp3·=buic
983 4357 1021 4407 rel
1042 4356 1075 4416 dli
1092 4355 1214 4416 ualentia

76 4469 80 4477 ’
161 4437 244 4548 ”··“
251 4423 675 4620 ΜΨ
704 4435 804 4626 ‘T‘
