3092 5200
326 361 385 418 528
753 351 838 412 Tm
855 351 958 411 LlVII

160 511 195 560 u.
205 510 299 566 enta
326 510 338 543 ‘
353 520 435 587 sunt,
450 519 603 589 geruntur,
629 517 757 587 postque
776 515 930 586 gerentur,
945 523 984 564 ea
997 504 1084 583 mihi,
1098 504 1214 587 populo
1234 505 1390 588 plebique

158 576 233 630 Μ·
243 579 301 632 ²⁰⁴·
327 597 338 630 ‘
354 594 510 671 Romana,
525 593 615 654 sociis
630 590 806 673 nominique
821 587 945 667 Latino,
960 591 1012 670 qui
1027 592 1131 673 populi
1147 591 1292 670 Romani,
1306 593 1386 674 qui-

326 683 338 717 ‘
353 703 412 764 que
427 701 526 743 meam
537 689 664 755 sectam,
675 677 849 760 imperium,
864 677 1091 761 auspiciumque
1102 691 1195 755 terra,
1206 680 1296 757 mari,
1305 701 1383 741 am·

327 769 500 850 ‘tribusque
521 775 698 847 sequuntur,
721 767 748 802 ³³
760 765 839 824 bene
861 775 1061 826 verruncent:
1084 785 1180 846 eaque
1201 785 1256 826 vos
1270 766 1381 828 omnia

326 857 338 890 ‘
354 857 430 917 bene
440 853 569 936 juvetis:
586 855 612 890 ³⁴
624 851 713 912 bonis
723 849 863 912 auctibus
875 850 1003 912 auxitis:
1019 850 1120 912 salvos
1134 851 1379 934 incolumesque,

326 943 339 976 ‘
352 942 440 1004 victis
454 938 658 1024 perduellibus
672 937 811 1015 victores,
826 937 931 1018 spoliis
946 937 1117 1016 decoratos,
1132 939 1233 1021 prada
1247 951 1381 1002 ontatos

327 1029 338 1062 ‘
353 1028 644 1111 triumphantesque,
652 1045 770 1086 mecum
783 1024 890 1085 domos
901 1023 1027 1085 reduces
1036 1025 1167 1087 sistatis:
1177 1026 1379 1089 inimicorum

325 1116 338 1149 ‘
352 1115 546 1194 hostiumque
559 1108 803 1173 ulciscendorum
819 1110 941 1193 copiam
956 1110 1074 1174 faxitis:
1099 1131 1225 1194 qumque
1244 1111 1379 1195 populus

325 1199 615 1282 ‘Karthaginiensis
640 1198 673 1258 in
698 1198 854 1259 civitatem
880 1207 1018 1259 nostram
1040 1197 1142 1260 lacere
1166 1198 1285 1262 molitus
1309 1212 1376 1278 est,

325 1289 378 1329 ‘³⁵
410 1310 448 1352 ea
477 1299 511 1349 ut
540 1285 614 1346 mihi
649 1284 822 1367 populoque
856 1282 998 1346 Romano
1029 1286 1062 1346 in
1096 1285 1252 1347 civitatem
1283 1285 1371 1348 Kar-

325 1373 587 1457 ‘thaginiensium
609 1371 750 1452 exempla
772 1371 884 1432 edendi
904 1371 1082 1434 facultatem
1108 1370 1208 1434 detis!
1252 1367 1371 1435 Secun-

325 1462 399 1524 dum
421 1481 472 1523 eas
493 1467 599 1544 preces
621 1461 648 1498 ³⁶
659 1457 754 1519 cruda
775 1470 850 1519 exta
868 1457 1010 1537 victima,
1031 1459 1077 1520 uti
1099 1479 1167 1520 mos
1187 1469 1279 1537 est',
1296 1461 1374 1522 ”irs

323 1569 408 1611 mare
435 1547 571 1629 porricit,
597 1546 730 1628 tubaque
752 1544 873 1626 signum
897 1542 983 1606 dedit
1003 1545 1226 1628 proficiscendi.
1269 1543 1376 1609 Vento

325 1632 459 1698 secundo
493 1631 667 1694 vehementi
701 1631 775 1693 satis
808 1630 951 1712 profecti,
983 1632 1124 1699 celeriter
1156 1653 1175 1694 e
1200 1645 1374 1715 conspectu

325 1734 411 1785 terra
438 1719 531 1783 ablati
559 1730 648 1781 sunt:
677 1729 710 1781 et
731 1737 751 1780 a
771 1717 899 1779 meridie
929 1719 957 1757 ³⁸
971 1718 1084 1781 nebula
1107 1721 1240 1803 occepit,
1264 1721 1313 1803 ita
1337 1733 1381 1782 srt

325 1809 376 1870 vix
401 1827 564 1870 concursus
586 1807 708 1868 narium
730 1805 811 1867 inter
824 1826 858 1866 se
872 1804 1014 1868 vitarent.
1027 1806 1123 1868 lenior
1132 1818 1246 1883 ‚venhss
1259 1807 1292 1868 in
1307 1807 1381 1870 alto

326 1889 437 1958 factus.
462 1905 585 1957 noctem
617 1893 828 1976 insequentem
856 1891 964 1954 eadem
994 1893 1095 1975 caligo
1116 1894 1268 1956 obtinuitr
1305 1895 1379 1956 sole

326 1993 395 2044 orto
417 1992 465 2044 est
486 1981 630 2058 discussa,
658 1978 691 2042 et
716 1979 822 2041 addita
849 1979 895 2039 vis
920 1989 1021 2041 vento.
1067 1979 1140 2043 Jam
1162 1993 1274 2043 terram
1300 2001 1378 2044 cer-

325 2069 450 2131 nebant.
472 2067 555 2129 haud
577 2068 622 2129 ita
643 2065 740 2128 multa
762 2076 834 2149 post
854 2067 1039 2148 gubernator
1053 2064 1191 2149 Scipioni
1205 2074 1259 2146 ait,
1279 2068 1379 2130 ‘non

324 2154 419 2239 ‘plus
445 2155 576 2236 quinque
601 2153 698 2216 millia
723 2173 868 2236 passuum
895 2152 1033 2216 Africam
1061 2154 1187 2216 abesse:
1216 2153 1369 2216 Mercurii

325 2242 594 2325 ‘promontorium
616 2261 648 2302 se
671 2261 804 2303 cernere.
824 2240 849 2318 si
860 2236 969 2321 jubeat
982 2261 1020 2303 eo
1034 2240 1135 2323 dirigi,
1146 2239 1211 2322 jam
1224 2242 1256 2302 iu
1274 2253 1380 2324 portu

306 2327 417 2391 '‘lore
436 2349 560 2391 omnem
579 2326 716 2389 classem.
760 2325 877 2408 Scipio,
897 2338 934 2388 ut
954 2327 986 2388 in
1007 2340 1176 2411 conspectu
1197 2339 1278 2390 terra
1300 2327 1380 2408 fuit,

324 2417 353 2456 ³⁹
361 2425 534 2498 precamsn,
549 2414 593 2476 uti
604 2415 687 2476 bono
701 2413 872 2496 reipublicae
885 2434 1000 2496 suoque
1013 2413 1151 2476 Africam
1161 2416 1282 2493 viderit,
1296 2415 1379 2478 dae

325 2502 403 2577 vela,
419 2502 557 2565 stallum
581 2499 660 2562 infra
681 2501 808 2561 navibus
831 2501 990 2563 adcessum
1007 2513 1112 2585 petere
1122 2500 1223 2583 jubet.
1266 2500 1376 2564 Vento

325 2589 434 2653 eodem
449 2587 631 2651 ferebantur.
651 2600 787 2651 ceterum
805 2587 919 2650 nebula
939 2589 996 2652 sub
1019 2588 1101 2653 idern
1118 2588 1214 2652 ferme
1237 2603 1377 2672 tempus,

325 2696 386 2759 quo
414 2674 523 2758 pridie,
552 2685 661 2737 exorta
694 2685 894 2759 conspectum
928 2688 1016 2738 terrae
1050 2670 1176 2756 ademit,
1202 2689 1236 2739 et
1262 2688 1374 2739 ventus

324 2772 482 2846 premente
511 2762 622 2825 nebula
655 2762 779 2824 cecidit.
831 2758 904 2825 Nox
931 2762 1042 2825 deinde
1071 2764 1236 2825 incertiora
1264 2764 1374 2827 omnia

324 2848 408 2911 fecit.
430 2849 534 2931 itaque
553 2866 697 2927 ancoras,
723 2869 764 2911 ne
789 2859 844 2911 aut
869 2849 950 2913 inter
971 2871 1004 2911 se
1027 2862 1244 2913 concurrerent
1267 2871 1376 2929 naves,

325 2948 381 2999 aut
395 2948 480 2999 terra
495 2936 685 3015 inferrentur,
704 2934 819 3017 jecere.
863 2933 925 2997 Ubi
940 2936 1062 3015 inluxit,
1081 2947 1188 2998 ventus
1209 2936 1293 2999 idem
1316 2958 1376 3000 co·

326 3034 423 3102 onus,
436 3022 549 3084 nebula
558 3021 699 3104 disjecta,
718 3022 839 3105 aperuit
856 3023 962 3085 omnia
973 3022 1085 3085 Africae
1106 3023 1207 3085 litora.
1251 3021 1375 3107 Scipio,

326 3109 409 3190 quod
437 3120 519 3171 esset
542 3110 715 3191 proximum
741 3111 994 3191 promontorium,
1027 3120 1252 3193 percunctatus,
1275 3130 1378 3191 quum

158 3192 199 3244 Al
211 3192 306 3247 Pulchri
325 3194 447 3259 Pulchri
463 3196 706 3279 promontorium
721 3195 751 3257 id
768 3196 869 3257 vocari
884 3197 1028 3275 audisset,
1047 3194 1173 3260 ‘Placet
1186 3195 1298 3275 omen,'
1321 3197 1375 3259 in-

158 3260 237 3391 ἒξ..
249 3278 290 3329 ψ’
324 3283 393 3365 quit
401 3306 411 3363 3
428 3283 508 3344 ‘huc
525 3282 646 3365 dirigite
660 3280 772 3345 naves.’
809 3281 855 3344 llo
865 3282 970 3345 classis
985 3282 1139 3346 decurrit:
1158 3284 1376 3366 copiaeomnes

324 3372 357 3433 in
388 3381 500 3431 terram
535 3369 680 3451 expositae
712 3379 794 3431 sunt.
837 3366 1014 3453 Prosperam
1050 3370 1276 3452 nauigationem
1303 3370 1377 3432 sine

460 3494 571 3545 'sstdel
582 3496 657 3544 Gron.
668 3493 738 3544 Crss.
965 3502 978 3529 ¹
983 3496 1225 3558 prmtusdsrsCres.

358 3597 450 3647 ³³lime
470 3602 613 3664 mannam]
642 3600 708 3650 Bene
730 3612 831 3651 serrant.
861 3600 956 3651 soleam
977 3618 1091 3651 sacrorum
1111 3614 1155 3652 est.
1185 3600 1306 3663 Virgilius.
1331 3617 1374 3648 ss·

357 3662 606 3715 ”sanamus
633 3666 726 3731 suabis]
760 3666 832 3716 Bonis
862 3665 1379 3731 taqusnlmPorriciassiafluctusScripti

325 3730 473 3781 incrementis
483 3730 593 3793 sugentis.
861 3734 958 3795 pinxit.
998 3734 1044 3782 Sed
1071 3750 1101 3785 ss
1127 3743 1186 3782 sest.
1212 3732 1279 3782 editis
1311 3732 1373 3779 illud

356 3796 379 3830 ³⁵
391 3794 426 3843 Ea
442 3830 469 3844 ..
485 3796 581 3858 senapis
598 3795 687 3863 odardi]
713 3796 752 3844 Sic
773 3796 832 3861 apud
863 3796 963 3846 alterum
979 3799 1126 3848 retinendum
1143 3814 1193 3847 csse
1208 3809 1271 3847 reete
1288 3808 1375 3846 ceum

323 3862 381 3911 Ter.
403 3860 427 3908 iu
444 3860 506 3910 Eun.
524 3862 579 3911 Aet.
596 3875 620 3909 v.
641 3862 678 3910 Sc.
696 3862 718 3910 7.
738 3860 835 3927 Uterque
865 3862 1003 3926 Gronovius,
1029 3865 1100 3914 etism
1121 3864 1214 3914 savem
1232 3864 1377 3927 κήμοωιπ

325 3926 488 3989 intemplo
506 3928 562 3975 alst.
594 3926 703 3990 Exempla
721 3929 790 3977 edere
806 3927 832 3977 in
862 3931 1005 3979 sonoritate.
1295 3946 1300 3957 ·

324 3992 437 4055 aliquem,
458 4004 493 4041 est
512 4009 566 4041 eum
586 3992 615 4041 iis
633 3993 729 4051 damnis,
744 3994 833 4043 crucis·
895 3992 1250 4058 ³8Nshslnucsspit,itusstsrs's]
1280 3992 1375 4041 Nullus

325 4056 473 4115 tibus,ruslis
489 4058 590 4120 afficere,
605 4075 657 4122 quse
667 4074 760 4171 prosus
770 4075 832 4121 mag·
862 4058 918 4108 Ma.
939 4059 1010 4109 babet
1026 4061 1115 4122 σαφῆ,
1131 4058 1171 4105 sed
1189 4058 1226 4106 uel
1245 4060 1312 4121 equit,
1329 4060 1373 4109 vet

325 4125 433 4173 nitudine
449 4124 534 4187 possint
549 4124 573 4172 in
589 4140 721 4189 exempum
738 4124 831 4173 adduci:
862 4134 931 4186 septe,
949 4126 987 4175 sel
1006 4126 1094 4187 mopsi.
1124 4123 1214 4171 Omnes
1230 4124 1264 4170 ita
1278 4125 1317 4171 cis
1331 4132 1372 4173 at.

327 4188 343 4217 ⁰
352 4189 389 4236 sel
410 4190 515 4254 exemplo
529 4190 611 4239 ceteris
626 4204 685 4251 esse,
705 4202 732 4239 ut
750 4189 833 4239 similis
863 4190 973 4240 Libenter
984 4192 1112 4267 legeremus
1121 4204 1176 4238 cunr
1185 4188 1312 4248 Gruaorio,
1327 4204 1375 4237 ne·

303 4314 307 4321 '
326 4268 705 4393 l’ffffflzmmmm]
720 4320 833 4372 llicssri·
863 4255 1102 4382 Ἥῗῶιέᾙῖ
1127 4319 1201 4368 Multi
1212 4318 1285 4367 MSS.
1297 4319 1378 4367 emit.

327 4385 462 4445 aarsmpri.
499 4384 832 4449 aegimoaaaaavuunae,
863 4398 918 4437 tunt
934 4402 1014 4440 vocem
1030 4386 1091 4438 deos:
1112 4398 1137 4441 st
1151 4386 1219 4439 tscils
1236 4395 1315 4453 potest
1332 4385 1376 4435 in-

326 4460 353 4499 ut
364 4446 466 4497 soluerat
478 4450 615 4501 Gronovius.
863 4452 944 4517 telligi.

358 4511 422 4565 ’Νη
443 4530 502 4567 mars
518 4514 622 4582 pernen]
659 4516 714 4569 Hoc
735 4516 833 4571 verbum
