3092 5200
466 397 886 462 mmmmr
1075 409 1191 492 ms

145 551 335 618 munimento
353 553 674 636 baberent,'onrnibus
698 557 794 620 ferme
817 556 879 619 suis
900 567 984 617 trans
1005 552 1190 618 Rhodanum
1202 572 1236 621 u.
1248 572 1342 626 emat.

145 640 290 724 trajectis,
305 642 481 706 ulteriorem
496 644 595 726 ripam
610 645 708 706 amnis
724 645 816 706 armis
828 643 1019 706 obtinebant.
1062 641 1190 704 Ceteros
1202 640 1233 690 b
1245 639 1273 688 ⁰·
1284 642 1339 690 ²¹⁸·

147 727 270 790 adcolas
285 728 417 790 fluminis
433 728 602 809 Hannibal,
617 735 673 792 *et
687 751 794 793 sonum
808 731 941 813 ipsorum
957 739 1057 810 qnos¹³
1078 729 1166 790 sedes
1175 740 1189 768 ⁰

145 824 316 895 tenuerant,
331 816 421 878 simul
433 817 554 899 perlicit
566 817 655 891 donis
668 817 707 878 ad
717 829 807 879 nares
817 817 953 898 undique
964 814 1188 878 contrahendas

137 899 416 986 dabrieandasque:
439 902 541 966 simul.
557 914 587 964 et
617 904 674 987 ipsi
704 902 803 986 trajici
833 905 1011 981 exercitum,
1037 901 1188 984 levarique

144 989 369 1071 quamprimum
384 991 540 1072 regionem
554 1010 640 1052 suern
661 1001 749 1053 tanta
762 999 910 1073 urguente
924 989 1084 1052 hominum
1099 990 1200 1071 turba

144 1074 318 1156 cupiebant.
362 1074 588 1158 ltaqueingens
602 1088 712 1140 coacta
725 1077 770 1138 vis
788 1077 910 1140 navium
929 1088 977 1138 est
993 1076 1189 1158 lintriumque

145 1164 284 1225 ⁵temere
306 1162 347 1225 ad
359 1163 528 1226 ,vicinalem
543 1184 631 1226 usum
645 1175 842 1246 paratarum:
866 1175 1020 1244 novasque
1035 1163 1109 1224 alias
1124 1163 1188 1244 pri·

50 1283 55 1292 ·
145 1267 230 1310 mum
244 1245 324 1312 Galli
339 1251 520 1312 inchoantes
533 1251 682 1314 cavabant
692 1271 731 1311 ex
743 1250 868 1331 singulis
880 1249 1037 1312 arboribus
1051 1273 1060 1312 z
1078 1249 1189 1312 deinde

147 1335 251 1417 stipsi
266 1336 392 1416 milites,
413 1337 502 1398 simul
517 1337 608 1421 copia
633 1337 778 1415 materiae,
804 1337 894 1398 simul
920 1336 1068 1400 facilitate
1088 1337 1189 1419 operis

147 1420 275 1501 inducti,
301 1423 402 1486 alveos
424 1423 580 1504 informes,
606 1421 707 1502 (nibil,
729 1423 897 1485 dummodo
921 1424 1026 1485 innare
1051 1444 1136 1505 aqua
1158 1436 1190 1486 et
1263 1421 1268 1426 ’

146 1527 256 1590 capere
271 1529 366 1588 onera
379 1521 515 1594 possent,
530 1510 683 1591 curantes)
706 1511 815 1592 quibus
831 1531 864 1573 se
878 1530 991 1592 suaque
1013 1510 1190 1579 transvehe÷

145 1605 225 1673 rent,
240 1617 275 1657 ra
295 1597 353 1659 tim
368 1596 532 1659 faciebant.

189 1679 254 1743 XX
284 1680 327 1745 ll.
347 1680 478 1764 Jamque
500 1683 639 1745 omnibus
663 1682 736 1746 satis
760 1686 946 1768 comparatis
970 1686 1009 1748 ad
1034 1684 1189 1767 trajicien-

149 1765 236 1845 dum,
258 1769 413 1830 terrebant
435 1789 472 1830 ex
494 1768 619 1832 adverso
642 1770 757 1847 hostes,
780 1791 903 1832 omnem
927 1772 1027 1853 ripam
1052 1771 1191 1852 ‘equites

146 1852 290 1936 unques
304 1855 477 1918 obtinentes
490 1877 499 1916 r
517 1875 591 1936 quos
606 1866 641 1919 ut
654 1867 813 1934 averteret,
825 1855 1021 1936 Hannonem,
1035 1856 1191 1918 Bomilca·
1204 1865 1341 1917 nunaunt
1369 1921 1379 1936 ,

148 1938 190 1999 ris
204 1939 313 2018 fllium,
330 1941 432 2023 vigilia
453 1942 552 2024 prima
566 1942 675 2022 noctis,
700 1963 770 2004 eum
798 1954 885 2025 parte
910 1944 1079 2026 copiarum,
1094 1943 1192 2006 maxi·
1203 1943 1347 1995 mmm·

147 2043 196 2086 me
210 2023 370 2110 Hispanis,
384 2027 512 2090 adverso
535 2026 657 2089 flumine
681 2028 725 2090 ire
742 2029 802 2089 iter
827 2029 915 2090 unius
939 2029 999 2090 dici
1016 2028 1127 2110 jubet;
1151 2042 1192 2111 et,

147 2109 198 2174 ubi
214 2113 346 2193 primunr
365 2114 497 2197 possita,
521 2133 613 2195 quam
638 2112 843 2176 occultissime
858 2114 992 2195 trajecto¹
1012 2116 1106 2193 amni,
1133 2117 1192 2177 cir·

149 2199 330 2262 cumducere
354 2221 475 2282 agmen,
497 2211 542 2278 ut,
566 2220 659 2282 quum
688 2221 765 2283 opus
787 2199 871 2263 facto
892 2201 945 2278 sit,
975 2201 1131 2264 adoriatur
1152 2204 1192 2264 ab

149 2295 237 2367 tergo
251 2285 382 2350 hostem.
425 2286 477 2349 Ad
492 2287 525 2349 id
544 2286 609 2349 dati
629 2287 721 2350 duces
735 2284 817 2348 Galli
836 2286 1020 2367 ⁷edocent',
1033 2288 1106 2350 inde
1122 2290 1192 2350 mil-

151 2370 192 2432 lia
206 2373 338 2455 quinque
361 2385 393 2438 ct
412 2374 521 2456 viginti
549 2373 645 2436 lerme
670 2395 771 2457 supra,
794 2394 894 2456 parvae
908 2375 1013 2438 insdae
1028 2375 1192 2438 circumfu-

151 2476 219 2519 sum
250 2480 383 2539 amnem,
408 2461 560 2539 latiorem,
579 2461 630 2522 ubi
653 2460 855 2541 dividebatur,
880 2482 975 2544 eoque
1004 2463 1105 2525 minus
1127 2462 1191 2524 aito

149 2543 246 2624 alveo,
270 2548 430 2617 transitum
457 2547 628 2611 ostendere.
650 2548 693 2610 ibi
716 2548 828 2632 raptim
847 2567 925 2612 casa
945 2549 1076 2612 materia
1096 2561 1192 2613 rates·

152 2652 209 2713 que
224 2632 389 2714 fabricata,
414 2636 574 2717 inquibus
597 2635 666 2717 equi
681 2634 797 2716 virique
821 2647 854 2698 et
879 2636 939 2699 alia
960 2658 1056 2699 onera
1070 2637 1192 2719 trajice·

149 2729 261 2782 rentur.
306 2720 437 2804 Hispani
462 2722 548 2784 ⁸sine
564 2722 626 2783 ulla
645 2721 736 2799 mole,
760 2722 793 2784 in
815 2733 897 2784 utres
914 2724 1104 2786 uestimentis
1118 2745 1192 2785 con·

146 2803 248 2886 jectis,
274 2806 331 2888 ipsi
357 2809 455 2871 caetris
481 2808 645 2892 subpositis
668 2808 859 2887 incubantes,
890 2809 1001 2873 flumen
1027 2821 1195 2872 manauere.

150 2889 191 2953 Et
215 2892 292 2954 alius
315 2896 477 2974 exereitus,
502 2895 617 2957 ratibus
637 2893 754 2977 junctis
785 2894 940 2979 trajectus,
965 2898 1072 2969 caruis
1097 2918 1193 2979 prope

149 2976 263 3040 flumen
277 2981 397 3060 positis,
412 2992 563 3043 noctnmo
589 2981 698 3042 itinere
722 2992 814 3062 atque
837 2984 938 3065 operis
960 2984 1064 3046 labore
1087 2982 1195 3060 sessus,

150 3063 252 3144 quiete
267 3066 354 3126 unius
378 3066 439 3127 diei
454 3066 596 3143 relicitur,
619 3065 739 3127 intentu
755 3067 832 3130 duce
847 3070 888 3130 ad
908 3071 1069 3148 consilium
1083 3091 1194 3154 oppor-

148 3161 225 3211 tune
242 3150 478 3232 exsequendum.
522 3148 649 3211 Postero
664 3150 723 3227 die,
748 3152 879 3233 profecti
899 3176 938 3214 cx
957 3154 1039 3232 loeo,
1052 3157 1195 3237 prodito¹

184 3264 252 3325 'qur'
262 3261 417 3312 Groncrer.
514 3260 860 3328 ‘adauctemDoenRup
959 3268 1198 3330 tripcurequr'evr'n's·

150 3344 192 3392 que
204 3327 267 3394 Rup.
316 3324 569 3391 upoemGron.Creu.
618 3330 733 3376 'ducum
745 3326 819 3376 Grau.
876 3330 1198 3397 'erlocceds'roDoenllup

182 3428 243 3477 *Et
260 3444 334 3476 samm
348 3426 457 3493 imum]
477 3428 509 3477 Et
526 3445 556 3477 ex
569 3426 660 3475 Volscis
692 3444 737 3489 que
767 3427 791 3474 id
820 3426 960 3485 adrn'uirnus,
983 3444 1054 3491 quum
1081 3431 1197 3493 vulgatum

150 3495 204 3561 ipsis
216 3510 263 3565 *ece
285 3494 363 3569 quiin
385 3494 475 3541 sedibus
497 3494 545 3571 spis
567 3506 657 3569 manse·
689 3494 788 3603 dapum
803 3491 953 3605 ηυΙῙοὲιᾶἓο
971 3505 1031 3541 erare
1049 3497 1128 3559 punit,
1150 3499 1197 3575 ,dd

254 3558 388 3675 eins
420 3557 657 3620 c
798 3559 1197 3690 atemere

151 3690 294 3757 protereret
312 3704 386 3737 eorum
406 3690 510 3751 ipurum,
530 3705 581 3753 quoe
601 3688 658 3735 estes
688 3686 757 3733 abeo
772 3686 824 3735 loco
842 3688 884 3735 ubi
905 3700 955 3737 rum
972 3694 1196 3754 creaturarumve

151 3772 195 3805 aaa
213 3762 343 3803 terruerant:
359 3752 383 3801 id
401 3764 445 3811 err,
462 3756 502 3817 qni
518 3755 584 3803 sedes
604 3767 656 3800 sure
688 3766 767 3799 sersus
787 3753 905 3815 superiore
923 3754 1004 3810 amma
1022 3772 1095 3817 pana
1119 3758 1197 3806 inmte

151 3821 283 3884 relinquere
299 3834 346 3867 nun
375 3820 538 3869 ruuluueranr.
570 3820 657 3867 Arsen·
688 3816 848 3881 cirenensem»
875 3836 968 3877 mm,
996 3820 1095 3867 amm
1114 3856 1122 3871 .
1139 3854 1146 3869 .
1164 3854 1195 3872 ..

152 3888 306 3935 ritnrnnure
324 3884 391 3933 codd.
419 3884 527 3943 Hermii,
548 3896 572 3933 et
586 3882 658 3931 nostri
690 3882 808 3929 maritum
828 3886 945 3932 mendene.
989 3880 1092 3933 Verbum
1124 3895 1195 3933 oum

153 3966 243 4011 annu,
253 3951 298 3998 nbi
309 3948 370 4013 quod
380 3950 515 3999 ductarent
525 3950 618 4010 spere.
689 3948 741 3993 dere
760 3960 804 4008 pro
824 3960 890 4057 ἵει
905 3948 989 3997 innuo.
1009 3950 1141 3997 habendum
1150 3962 1196 3999 eet.

854 4028 875 4060 rc

184 4018 223 4051 ⁵·
238 4015 326 4063 Teme
343 4016 373 4061 ud
390 4016 506 4063 minutam
525 4029 589 4071 unane
617 4028 658 4074 prr·
691 4010 815 4058 Quomodo
897 4016 949 4062 r'rule
965 4013 1038 4061 utute
1059 4015 1155 4078 quinque
1174 4023 1196 4063 et

154 4078 267 4142 murum]
292 4078 442 4144 Properanter
468 4091 494 4128 et
512 4094 593 4145 perum
616 4092 658 4125 cu·
690 4076 771 4139 uiginti
784 4075 860 4139 serere
880 4094 957 4140 aspro,
979 4076 1011 4125 sic
1032 4088 1057 4125 et
1077 4079 1196 4129 l.x1..c.

153 4148 213 4196 risse
234 4156 373 4195 moturum
392 4146 421 4193 ed
442 4145 522 4194 breves
541 4145 565 4193 in
584 4143 660 4191 vicine
689 4142 730 4189 30.
756 4138 870 4203 celem
894 4144 967 4190 nium
987 4142 1031 4188 duo
1044 4140 1122 4205 seme
1139 4145 1197 4202 inde,

151 4222 163 4261 t
189 4212 271 4263 'actua
525 4208 532 4219 '
690 4204 729 4252 sub
755 4205 810 4251 colle
833 4216 954 4266 panariam
990 4214 1070 4256 cuum.
1119 4208 1195 4257 Milli·

216 4276 306 4339 Equites
319 4274 415 4339 nripoe]
441 4272 480 4323 Sic
502 4285 527 4322 er
548 4272 627 4321 Cesar
643 4269 660 4318 1.
690 4270 792 4332 quinque
811 4280 836 4317 et
856 4271 937 4333 viginti
957 4286 1063 4335 pennum
1090 4275 1196 4324 efficiunt

155 4357 184 4393 rr·
202 4342 272 4391 Ciuil.
316 4340 383 4405 cepi
414 4340 508 4387 domium
538 4341 660 4402 equitesque
689 4335 786 4398 emplius
798 4335 938 4386 ceroleucar
951 4348 1071 4387 rrtrerrates⁸

150 4408 334 4468 mammae.
362 4406 448 4453 Gnou.
721 4399 824 4445 ⁸*Sine
839 4402 887 4451 ulta
909 4400 1040 4465 noleJSine
1055 4403 1103 4452 ullo
1124 4407 1196 4470 majo·

185 4468 320 4535 ⁷Edeeent]
347 4469 385 4519 Sic
412 4469 458 4517 duo
486 4466 572 4531 scripti,
597 4468 657 4515 alter
688 4481 714 4515 re
728 4474 843 4531 apparatu.

151 4537 281 4596 firmio,
305 4534 449 4586 alternabit
470 4532 602 4597 impertae:
620 4544 657 4581 ar-

193 4622 268 4671 VOL.
286 4621 323 4668 11.
740 4616 763 4661 D
