3092 5200
69 848 75 858 ,
186 785 233 848 tio
249 783 430 850 Hannibalis
454 786 486 846 in

541 368 994 432 mmmm:
1150 372 1230 458 n

185 525 277 610 ionga
290 525 460 603 obsidione,
474 537 506 588 et
519 525 665 588 minuitur
679 525 870 608 exspectatio
884 533 1017 586 externa
1029 524 1118 607 opis3
1137 544 1232 607 quum
1243 531 1279 584 v.
1289 532 1320 584 e.
1329 533 1390 586 att:

189 626 253 676 tarn
268 614 373 695 procul
388 611 532 690 Romani,
547 613 638 674 unica
650 633 730 696 spes,
745 612 828 674 circa
842 611 948 673 omnia
967 609 1102 672 hostium
1117 623 1233 675 essent.
1243 597 1395 667 herm,

189 697 359 782 Paullisper'
369 711 473 761 tamen
488 698 626 847 “gffloe
641 699 759 760 animos
775 698 922 759 recreavit
936 697 1098 778 repentina
1110 697 1234 780 profcc-
1244 713 1281 778 ,ἐκ
1299 730 1311 764 r
1373 696 1394 735 '³

542 795 662 848 tetanos
677 783 936 866 Carpetanosque.
962 782 1014 864 qui
1036 782 1098 845 duo
1116 784 1236 867 populi,

186 872 324 935 delectus
338 872 505 936 acerbitate
521 871 719 948 consternati,
738 870 863 932 retentis
879 868 1144 950 conquisitoribus,
1167 890 1234 932 me-

187 970 255 1022 tum
270 958 453 1030 defectionis
464 979 557 1040 quum
581 959 788 1042 praebuissent,
812 955 948 1038 obpressi
970 956 1127 1019 celeritate
1142 954 1233 1020 Han·

187 1045 309 1126 tribalis,
325 1046 493 1108 omiserunt
506 1060 592 1108 mota
606 1065 700 1106 arma.

232 1129 313 1206 xfl.
327 1131 394 1194 Nec
418 1129 546 1214 Sagunti
570 1130 759 1214 obpugnatio
785 1129 907 1212 segnior
934 1140 1011 1207 erat,
1041 1127 1234 1208 Maharbale,

190 1215 373 1281 Himilconis
387 1217 463 1297 filio,
487 1217 569 1298 (eum
579 1218 591 1256 ¹
602 1217 779 1300 praefecerat
788 1210 957 1295 Hannibal)
976 1216 1021 1278 ita
1034 1216 1154 1299 inpigre
1168 1237 1234 1278 rem

189 1318 312 1387 agente,
326 1317 362 1367 ut
377 1305 486 1367 ducem
501 1306 607 1368 abesse
623 1325 680 1366 nec
701 1303 793 1381 ciues,
814 1323 871 1364 nec
883 1303 987 1365 hostes
999 1303 1160 1365 sentirent.
1203 1301 1234 1364 Is

189 1403 223 1452 et
237 1391 344 1474 proelia
357 1391 474 1474 aliquot
487 1391 621 1454 secunda
636 1391 727 1480 t'eeit,¹
741 1401 775 1450 et
788 1389 884 1451 tribus
899 1389 1043 1452 arietibus
1062 1389 1235 1470 ⁶⁷atiquan·

189 1477 311 1540 tulum⁸
337 1478 415 1540 muri
438 1477 601 1556 discussit3
634 1487 789 1557 strataque
815 1475 920 1537 omnia
943 1474 1116 1537 recentibus
1141 1475 1235 1536 minis

191 1563 366 1628 advenienti
381 1563 545 1626 Hannibali
561 1564 706 1626 ostendit.
750 1561 858 1644 ltaque
882 1561 922 1623 ad
935 1563 1033 1644 ipsam
1056 1583 1158 1624 arcem
1181 1582 1236 1624 ex·

190 1650 309 1732 templo
334 1651 441 1712 ductus
463 1649 624 1728 exercitus,
649 1659 797 1730 atroxque
822 1648 963 1731 proelium
986 1656 1057 1710 cu'm
1071 1649 1237 1710 multorum

193 1735 347 1816 utrimque
374 1735 455 1796 caede
478 1735 597 1812 initum,
623 1748 655 1796 et
681 1755 750 1817 pars
777 1735 854 1796 arcis
878 1747 970 1816 capta
994 1745 1051 1796 est.
1102 1732 1239 1797 Tentata
1249 1732 1391 1788 Pssflm

194 1819 307 1882 deinde
333 1841 388 1903 per
410 1820 485 1882 duos
510 1832 559 1882 est
582 1821 692 1902 exigua
714 1820 798 1902 pacis
824 1840 904 1902 spes,
926 1819 1077 1883 Alconem
1092 1811 1351 1902 Sagunti-‘m

164 1925 279 1986 -num,
305 1919 338 1969 et
361 1907 507 1968 Alorcum
532 1903 716 1988 Hispanum.
773 1905 884 1983 Alcon,
919 1905 1023 1967 insciis
1052 1903 1241 1987 Saguntinis,

191 1991 334 2076 precibus
349 1991 465 2072 aliquid
487 1991 641 2054 moturum
656 2003 750 2069 ratus,
776 2012 869 2071 quum
884 1991 924 2052 ad
943 1989 1151 2055 Hannibalem
1166 2013 1241 2056 noa·

170 2090 229 2140 ,ιιι
250 2077 420 2156 transisset,
444 2085 604 2162 postquam
628 2077 704 2139 nibil
732 2077 864 2138 lacrimae
886 2078 1062 2155 movebant,
1086 2078 1241 2141 conditio-

165 2197 168 2202 *
190 2185 307 2246 nesque
330 2164 444 2242 tristes,
468 2174 503 2225 ut
523 2163 561 2224 ab
576 2164 656 2226 irato
670 2163 797 2239 victore,
820 2161 1006 2242 ferebantur,
1031 2163 1189 2248 transfuga
1202 2188 1242 2229 ex

191 2261 313 2313 oratore
328 2249 437 2328 factus,
461 2249 543 2334 apud
566 2251 688 2312 hostem
710 2248 844 2326 mansit3
871 2249 1050 2312 moriturum
1066 2250 1243 2330 adfirmans,

191 2337 246 2420 qui
276 2338 331 2399 sub
361 2337 587 2400 conditionibus
616 2337 664 2398 bis
694 2335 733 2398 de
762 2355 839 2418 pace
867 2348 986 2417 ageret.
1028 2335 1243 2402 Postulabatur

193 2435 309 2502 autem,
334 2423 496 2486 redderent
518 2445 565 2486 res
578 2421 785 2500 'lirrdctanis3
811 2421 984 2504 traditoque
1003 2423 1088 2484 omni
1104 2444 1178 2486 auro
1193 2435 1243 2488 at·

196 2529 255 2593 que
270 2521 408 2593 argento,
431 2509 543 2593 egressi
557 2509 630 2572 urbe
653 2530 724 2572 cum
745 2508 871 2590 singulis
883 2509 1073 2571 vestimentis
1096 2509 1138 2571 ibi
1153 2511 1244 2582 habi-

164 2628 168 2633 ·
194 2610 308 2677 tarent,
332 2598 383 2660 ubi
400 2595 508 2660 Poenus
528 2593 678 2679 jussisset.
723 2592 790 2657 Has
812 2594 898 2679 pacis
919 2594 1002 2677 leges
1017 2598 1170 2659 abnuente
1185 2596 1243 2660 Al-

163 2728 166 2735 »
194 2704 274 2747 cone
299 2695 477 2769 accepturos
503 2681 700 2766 Saguntinos,
725 2682 866 2759 Alorcus,
891 2682 971 2743 vinci
997 2684 1125 2762 numos,
1152 2684 1242 2746 ”ubi

168 2768 171 2833 j
194 2770 258 2833 alia
270 2772 441 2849 vincantur,
457 2770 631 2849 adfirmans,
647 2792 679 2832 se
701 2769 787 2854 pacis
802 2768 867 2851 ejus
878 2769 1077 2853 interpretem
1093 2770 1159 2833 fore
1174 2770 1244 2853 pol-

163 2900 167 2905 ·
196 2857 315 2921 licetur.
357 2856 433 2920 Erat
444 2869 545 2922 autem
567 2870 633 2919 tum
647 2857 736 2918 miles
748 2854 952 2932 Harmibalis3
978 2868 1111 2918 ceterum
1128 2858 1245 2939 ”pub-

195 2942 253 3006 lice
276 2942 454 3027 Saguntinis
480 2943 595 3005 amicus
622 2954 712 3025 atque
736 2942 859 3024 hospes.
901 2939 1030 3005 'l'radito
1053 2944 1155 3025 palam
1181 2943 1244 3005 telo

194 3030 372 3093 custodibus
395 3030 540 3107 hostium,
563 3032 765 3111 transgressus
793 3028 993 3104 munimenta,
1019 3030 1059 3091 ad
1081 3042 1244 3112 praetorem

199 3112 403 3196 Saguntinum
431 3116 476 3194 (et
500 3116 563 3197 ipse
586 3116 632 3177 ita
650 3114 792 3196 jubebat)
817 3126 865 3176 est
886 3114 1043 3177 deductus.
1067 3136 1127 3197 quo
1151 3136 1245 3197 quum

195 3202 356 3283 externplo
382 3222 545 3263 concursus
569 3200 670 3262 omnis
693 3200 813 3281 generis
845 3200 1004 3260 hominum
1030 3212 1109 3262 esset
1134 3200 1246 3277 factus,

163 3332 166 3337 -
196 3286 343 3349 submota
357 3297 459 3349 cetera
472 3284 678 3363 multitudine,
700 3296 822 3347 senatus
836 3283 949 3345 Alorco
965 3285 1054 3347 datus
1069 3297 1136 3348 estc
1161 3282 1247 3367 cujus

196 3374 268 3437 talis
283 3373 382 3435 oratio
397 3373 465 3434 suit.

241 3454 334 3525 Xlll.
354 3458 365 3491 ‘
379 3456 412 3519 Si
425 3458 498 3519 civis
510 3468 611 3520 vester
621 3456 733 3537 Alcon,
751 3456 831 3520 sicut
841 3458 879 3521 sd
901 3480 1011 3542 pacem
1026 3461 1191 3543 petendam
1206 3461 1245 3526 ad
1256 3472 1394 3532 Medae.

195 3547 209 3581 ‘
223 3544 430 3607 Hannibalem
442 3544 536 3621 venit,
547 3544 591 3605 ita
605 3544 689 3625 pacis
704 3544 895 3607 conditiones
907 3547 946 3607 ab
956 3544 1129 3611 Hannibale
1144 3550 1246 3613 advos
1256 3545 1330 3599 Μ·
1339 3562 1405 3613 Μ·

195 3633 209 3667 ‘
223 3632 387 3708 retulisset,
398 3650 653 3713 supervacaneum
665 3630 725 3691 hoc
739 3632 815 3692 mihi
831 3630 937 3694 finisset
951 3634 1019 3713 iter,
1035 3655 1095 3716 quo
1106 3656 1163 3698 nec
1175 3658 1245 3699 ora·

193 3718 210 3789 ,⁶
224 3730 273 3783 tor
286 3716 481 3795 Hannibalis,
493 3737 550 3777 nec
571 3716 727 3798 transfirga
742 3717 845 3780 advos
861 3720 1021 3783 venissem.
1065 3721 1168 3792 Quum
1181 3724 1245 3804 ille,

198 3806 209 3838 ‘
223 3817 276 3867 aut
283 3816 393 3883 vestra,
412 3818 466 3865 aut
485 3824 540 3864 sua
551 3803 651 3885 culpa,
666 3804 813 3866 manserit
832 3805 915 3888 apud
926 3806 1057 3885 bostem,
1072 3807 1110 3887 (si
1127 3820 1244 3874 metum

199 3892 211 3925 ‘
224 3891 386 3971 simulavit,
397 3911 451 3952 sua
456 3912 467 3969 3
479 3900 589 3969 vestra,
599 3889 623 3950 si
635 3890 803 3973 periculum
817 3902 865 3952 cst
875 3892 957 3973 apud
968 3914 1021 3954 vos
1032 3914 1103 3955 vera
1113 3893 1245 3959 referen-

307 4078 315 4103 '
399 4070 409 4106 f
423 4089 486 4136 quem
497 4074 569 4123 Grou.
581 4070 651 4123 Creu.
814 4073 973 4137 ‘aliquantam
982 4074 1051 4127 Cres.

230 4248 252 4287 97
269 4248 414 4312 dllqtmntrrm
431 4248 501 4313 mun]
520 4248 569 4298 llio
584 4264 704 4314 operrrurn
769 4249 792 4284 ⁵⁸
810 4247 853 4297 Ubi
868 4246 1058 4311 alienarentur]
1076 4248 1139 4311 sta,
1157 4264 1242 4318 nempe

196 4314 286 4364 incuria
295 4314 405 4363 mendum
415 4315 505 4378 irrepsit
515 4312 539 4362 in
551 4316 706 4363 Grouorianas
737 4316 802 4372 urbs,
811 4315 878 4370 vires,
886 4318 956 4362 armi.

200 4380 319 4437 editiones,
327 4380 501 4443 aliquantulam.
517 4379 637 4429 vetustius
644 4380 703 4440 cusi,
767 4382 790 4417 ⁵⁰
806 4380 820 4409 ⁸
832 4378 925 4428 Publice
938 4378 1068 4445 &gentinis
1082 4378 1177 4444 nien]
1194 4379 1242 4431 l’o·

166 4462 170 4469 ·
200 4460 254 4493 cam
272 4460 319 4494 uno
335 4460 349 4493 e
366 4444 456 4508 scriptis
471 4445 563 4502 nonde,
579 4446 705 4509 preferant
734 4445 784 4513 puli
794 4444 913 4509 Saguntini
923 4444 1015 4495 mictu.
1181 4463 1185 4470 ⁴

198 4508 398 4575 aliquantamque
408 4511 477 4559 modo
486 4512 606 4560 edidimus.
