3092 5200
324 364 397 431 ‘ns
679 452 682 458 Ι
759 360 844 423 rtur
864 360 966 425 artu

169 523 313 577 meast.
337 512 568 599 Karthaginem,
592 515 673 579 unde
687 512 786 599 Mago
810 516 901 579 frater
916 513 1101 577 Hannibalis
1126 510 1289 577 duodecim
1311 511 1381 575 mil·

169 590 310 642 mm·
336 601 377 665 lia
389 602 536 685 pediturn,
560 614 593 665 et
614 602 697 665 mille
712 604 895 685 quingentos
914 603 1042 684 equites,
1066 600 1381 685 vigintielephantos,

336 691 365 735 ⁵⁷
374 688 457 751 mille
482 688 599 770 argenti
623 690 740 751 talenta
764 690 797 751 in
813 688 932 751 ltaliam
956 688 1184 754 transmissurus
1209 699 1286 767 erat,
1309 707 1381 751 cum

336 774 477 857 prasidio
487 774 659 855 sexaginta
684 776 807 836 navium
832 776 1002 857 longarum,
1028 775 1156 837 nuncius
1177 774 1321 851 adfertur,
1348 774 1380 835 in

335 858 487 944 Hispania
501 881 566 923 rem
588 862 668 922 male
682 872 813 943 gestam,
836 880 1002 943 omnesque
1023 860 1118 923 ferme
1140 856 1205 941 ejus
1218 859 1380 943 provinciae

167 964 286 1045 voantur
335 948 464 1031 populos
490 948 530 1009 od
544 945 700 1047 iiomams
725 946 889 1049 defecisse..
924 946 1034 1049 mant,
1057 944 1293 1047 qui'Magonem
1308 967 1378 1009 cum

167 1242 228 1279 m
273 1249 277 1255 .

335 1208 345 1240 ‘
360 1208 402 1269 ibi
411 1207 580 1271 exercitum
590 1204 765 1269 Romanum
772 1227 853 1269 esse:
864 1218 998 1269 veterem
1006 1216 1167 1289 pretorem
1177 1204 1248 1268 inde
1257 1203 1379 1268 A.Cor-

334 1294 474 1357 ‘aelium
487 1292 647 1376 provincia
661 1294 792 1375 peritum
808 1292 965 1372 decedere,
980 1314 1093 1355 nouum
1105 1291 1284 1375 exspectari.
1327 1291 1379 1353 Ad

333 1381 345 1414 ‘
360 1381 431 1459 boc,
446 1380 542 1443 fessos
548 1378 615 1462 jam
630 1380 749 1442 animos
760 1377 926 1441 Sardorum
941 1390 1006 1443 esse
1021 1379 1223 1443 diuturnitate
1235 1378 1376 1461 imperii:

334 1467 345 1500 ‘
361 1479 395 1529 et
405 1467 545 1550 proximo
558 1466 596 1528 iia
610 1487 692 1529 anno
706 1466 816 1529 acerbe
836 1476 926 1547 atque
942 1486 1029 1529 avare
1051 1467 1243 1549 imperatum.
1287 1462 1379 1526 Gravi

334 1553 473 1616 ‘tributo
494 1565 527 1615 et
549 1553 723 1615 cordatione
745 1552 850 1633 iniqua
872 1552 1016 1615 frumenti
1037 1572 1167 1633 pressos.
1182 1551 1258 1615 nihil
1271 1550 1378 1613 deesse

334 1640 345 1673 ‘
359 1640 463 1717 alium,
478 1659 571 1721 quam
583 1650 749 1719 auctorem,
761 1638 802 1700 ad
814 1658 904 1719 quern
916 1636 1101 1701 deficerent!
1124 1635 1201 1699 Htec
1212 1634 1377 1701 clandesti-

332 1746 374 1789 na
382 1725 496 1808 legatio
506 1746 562 1808 per
572 1725 725 1809 principes
736 1725 830 1788 missa
840 1735 922 1803 erat3
936 1724 1070 1787 maxime
1079 1744 1148 1785 eam
1157 1744 1221 1787 rem
1231 1723 1377 1787 moliente

332 1811 546 1895 Hampsicora,
569 1812 620 1893 qui
635 1824 702 1875 tum
725 1811 907 1875 auctoritate
930 1823 1021 1893 atque
1036 1810 1145 1893 opibus
1160 1810 1251 1893 longe
1264 1808 1378 1892 primus

331 1910 408 1964 erat.
451 1896 510 1961 His
536 1899 654 1962 nunciis
680 1920 775 1982 prope
801 1918 863 1960 uno
890 1908 1028 1980 tempore
1058 1897 1183 1973 turbati,
1214 1896 1377 1979 erectique,

331 1984 501 2067 Magonem
523 2007 594 2047 curn
618 1984 715 2047 classe
737 2006 793 2047 sua
815 1984 971 2067 copiisque
996 1985 1028 2047 in
1043 1980 1226 2065 Hispaniam
1240 1982 1377 2045 mittunt.

330 2072 362 2135 in
391 2070 563 2134 Sardiniam
592 2070 835 2133 Hasdrubalem¹
865 2070 1003 2153 deligunt
1032 2071 1160 2132 ducem:
1191 2080 1224 2133 et
1252 2081 1374 2131 tantum

331 2157 427 2219 ferme
456 2158 622 2239 copiarum,
646 2167 794 2237 quantum
820 2155 962 2238 Magoni,
987 2157 1162 2219 decernunt.
1206 2154 1247 2217 Et
1271 2153 1377 2218 Rome

330 2243 480 2322 consules,
495 2242 658 2306 transactis
682 2244 782 2321 rebus,
804 2263 870 2323 quae
892 2244 924 2305 in
946 2245 1021 2307 urbe
1045 2242 1168 2325 agenda
1182 2253 1281 2321 erant,
1306 2263 1375 2305 nto·

307 2348 312 2357 ’
330 2330 443 2391 nebant
452 2328 518 2409 jam
530 2350 597 2391 sese
608 2329 649 2390 sd
657 2327 781 2392 bellum.
824 2326 1081 2412 Ttsempronius
1092 2329 1238 2392 militibus
1250 2325 1375 2389 Sinues-

329 2434 396 2478 sam
411 2414 493 2479 diem
509 2415 548 2477 nd
571 2414 815 2477 conveniendum
830 2416 947 2493 edixit3
971 2417 998 2456 ⁵⁸
1012 2426 1046 2479 et
1058 2414 1098 2487 Q.
1111 2413 1233 2493 Fabius,
1255 2404 1376 2491 consul-

331 2512 364 2563 to
383 2501 466 2583 prius
484 2515 604 2578 senatu,
627 2513 662 2564 ut
672 2499 835 2564 ‘frumenta
853 2522 959 2571 omnes
975 2523 1014 2563 ex
1028 2502 1120 2584 agris,
1137 2505 1163 2542 ⁵⁹
1174 2511 1246 2564 ante
1261 2498 1376 2563 Kalen-

331 2587 387 2650 das
400 2585 509 2651 Junias
523 2589 646 2672 primas,
662 2588 695 2650 in
709 2588 798 2650 urbes
814 2590 945 2652 munitas
960 2590 1174 2653 conveherent.
1219 2586 1301 2660 ‘Qui
1314 2609 1376 2650 non

330 2675 342 2708 ‘
356 2674 528 2752 invexisset,
540 2672 605 2756 ejus
616 2696 764 2757 sangrum
778 2677 1003 2759 populaturum,
1018 2697 1119 2738 servos
1130 2677 1187 2740 sub
1198 2676 1287 2738 hasta
1301 2695 1375 2737 ven·

330 2760 342 2793 ‘
356 2761 501 2839 dicerunt,
511 2761 597 2823 uillas
608 2759 822 2824 incensurum.’
866 2759 914 2824 Ne
929 2763 1106 2845 praetoribus
1122 2763 1257 2844 quidem,
1272 2763 1324 2843 qui
1335 2761 1376 2824 ad

325 2845 378 2928 jus
393 2847 556 2912 dicendum
578 2848 672 2911 creati
695 2860 795 2927 erant,
820 2849 940 2912 vacatio
961 2849 1000 2910 ab
1023 2849 1095 2912 belli
1110 2849 1374 2926 administratione

330 2934 403 2996 data
425 2944 481 2996 est
524 2932 679 3010 Valerium
702 2945 863 3016 pretorem
891 2935 922 2995 in
946 2935 1089 3018 Apuliam
1116 2935 1159 2998 ire
1185 2934 1311 3019 placuit,
1334 2934 1375 2997 ad

330 3021 498 3083 exercitant
511 3041 533 3082 a
544 3018 693 3084 Terentio
718 3019 951 3104 accipiendum:
978 3042 1071 3102 quum
1094 3043 1133 3084 ex
1148 3019 1254 3084 Sicilia
1277 3021 1375 3102 legio-

329 3127 382 3170 nes
405 3108 569 3186 venissent,
597 3107 635 3168 iis
663 3107 855 3190 potissimum
882 3107 927 3170 uti
958 3108 997 3186 ad
1027 3107 1158 3191 regionis
1185 3107 1249 3190 ejus
1271 3107 1373 3190 praesi-

329 3194 433 3257 dium:
461 3197 488 3234 ⁶⁰
497 3190 718 3257 Terentianum
743 3194 827 3263 mitti
850 3191 921 3256 cum
936 3194 1038 3276 aliquo
1053 3195 1232 3277 legatorum.
1276 3191 1374 3264 Ettri-

329 3281 406 3360 ginti
432 3281 564 3373 qpinque
589 3301 682 3343 naves
707 3283 731 3320 ⁸¹
743 3277 790 3342 M.
799 3277 923 3343 Valerio
947 3281 1024 3343 datae
1050 3295 1131 3360 sunt,
1158 3281 1267 3362 quibus
1291 3301 1375 3342 oram

329 3367 514 3429 maritimam
542 3367 622 3430 inter
651 3364 848 3428 Brundisium
878 3387 914 3429 ac
943 3365 1111 3430 Tarentum
1141 3368 1232 3428 tutari
1259 3377 1374 3449 posset.

327 3449 387 3514 Par
398 3453 518 3514 navium
545 3473 687 3516 numerus
701 3451 860 3524 Q.Fulvio
883 3454 1003 3537 praetori
1028 3452 1144 3515 urbano
1170 3452 1308 3515 decretus
1335 3451 1374 3513 sd

327 3538 498 3599 suburbana
534 3537 626 3600 litora
654 3539 792 3601 tutanda.
848 3538 884 3602 C.
897 3538 1044 3601 Terentio
1072 3539 1247 3620 proconsuli
1277 3558 1374 3624 nego-

328 3623 405 3686 tium
420 3624 536 3702 datum,
559 3635 596 3687 ut
617 3624 649 3686 in
664 3622 776 3688 Piceno
800 3627 874 3707 aigro
896 3623 1151 3708 conquisitionem
1166 3625 1300 3690 militum
1316 3625 1373 3686 ba-

580 3761 582 3765 .
606 3779 613 3816 ¹
625 3781 677 3832 add.
687 3791 824 3848 cogamo
836 3781 928 3832 cdtnn
939 3783 1013 3832 Grnn.
1024 3781 1093 3834 Cret.

358 3919 380 3957 Η
397 3917 661 3986 isdbngant’rolmra]
677 3923 833 3974 Mercennar-
897 3922 921 3958 ⁶⁰
939 3922 1095 3973 Terentianum
1105 3923 1175 3987 mitta]
1186 3911 1375 3973 mentitam-

325 3994 397 4034 uates
407 3986 495 4037 93750.
865 3990 934 4040 rentii
945 3988 1053 4038 Varronis
1063 3989 1125 4038 mitti
1135 3989 1162 4050 in
1170 3989 1279 4040 Siciliam.

359 4051 382 4084 ⁵⁸
397 4047 598 4115 'Eril-Fabius]
617 4054 707 4119 Repete
726 4065 833 4104 crante-
896 4053 918 4088 ⁶¹
937 4053 973 4103 bi.
986 4050 1083 4116 Valerio]
1117 4053 1173 4102 Hoc
1205 4069 1290 4102 nomen
1319 4067 1374 4100 nus·

327 4114 568 4166 cedentibusrerbunt
578 4120 654 4168 edixit.
866 4135 935 4181 qnam
956 4119 980 4166 in
1001 4119 1090 4182 seriptis
1120 4120 1230 4176 occurrit.
1260 4129 1285 4166 et
1305 4117 1374 4166 facilc

277 4187 281 4192 '
361 4179 765 4247 ⁵1⁸ArnelisiardusJtnriorprr'unn]
786 4183 835 4232 Ka·
867 4183 1003 4244 intelligitur
1024 4200 1054 4232 cx
1084 4183 1276 4249 precedentibus,
1306 4183 1374 4230 adeo·

327 4241 493 4292 lenduiunirs
508 4250 626 4310 presentis
641 4249 704 4298 anai.
736 4250 836 4298 Additur
867 4263 912 4311 que
933 4247 1008 4296 odiosa
1030 4251 1081 4314 ejus
1102 4248 1193 4298 iteratio
1213 4261 1257 4299 est.
1292 4246 1316 4294 Si
1334 4247 1376 4294 ali-

325 4310 776 4368 prt'rrasexcoosuetudineiortnularutn
788 4315 834 4362 hu.
867 4314 928 4376 quod
947 4327 1032 4362 nornen
1056 4315 1152 4362 extimi
1173 4313 1264 4373 debuit,
1285 4313 1376 4360 videtur

326 4369 436 4448 jusmodi,
450 4373 473 4421 in
485 4377 566 4437 quibus
576 4379 698 4428 ruborum
708 4382 785 4444 spicea
794 4393 834 4448 re·¹
865 4379 940 4442 potius
950 4376 1073 4438 legentium
1085 4331 1113 4429 i'.
1124 4377 1210 4429 Valerio
1220 4393 1249 4428 ex
1260 4395 1324 4444 capp.
1334 4379 1375 4426 tt.

329 4437 407 4548 parm
427 4442 609 4557 perppuduntur.
653 4444 707 4493 vd.
730 4444 835 4498 crinin
866 4442 1023 4494 etnaintn.

340 4513 456 4555 axi-lber
496 4536 505 4553 ι
