3092 5200
354 379 391 436 16
752 367 837 431 'mu
855 367 956 430 mvrr

188 543 329 596 uetat.
352 524 480 592 Oriundi
501 545 520 590 e
541 521 697 612 Zacyntho
722 525 821 588 insula
833 525 984 603 dieunmr,
999 523 1150 605 mixtique
1164 525 1261 588 edam
1276 525 1393 590 abAr-

187 610 220 660 Α·
230 609 259 660 ⁰·
269 613 324 662 ²¹⁸·
352 613 411 677 d'ea
425 615 604 677 Rutulorum
619 613 742 695 quidam
764 611 892 694 generis.
912 624 1045 673 ceterum
1059 611 1091 672 in
1106 622 1208 674 tantas
1224 613 1389 675 breuiore·

351 711 457 763 verunt
475 721 558 782 opes,
587 721 639 760 seu
661 699 831 776 maritimis,
859 717 912 759 seu
938 696 1127 758 tenestribus
1149 698 1311 777 fructibus,
1336 721 1392 761 seu

352 785 554 848 multitudinis
591 787 786 861 incremento,
822 803 877 844 seu
910 783 1072 843 sanctitate
1113 783 1291 866 disciplina,
1330 805 1395 865 qua

353 872 445 934 fidem
467 872 609 932 socialem
623 889 716 952 usque
742 869 783 930 ad
804 868 968 950 perniciem
989 889 1074 929 suam
1089 869 1257 931 coluerunt.
1300 869 1391 932 Hau·

353 956 450 1035 nibal,
475 957 583 1018 infesto
610 957 744 1017 exercitu
774 955 924 1035 ingressus
952 952 1037 1029 fines,
1066 954 1247 1035 peruastatis
1277 957 1391 1037 passim

354 1043 444 1122 agris,
467 1043 570 1106 urbem
595 1041 746 1123 tripartito
772 1039 955 1120 adgreditur.
998 1038 1136 1120 Angelus
1160 1041 1240 1100 muri
1266 1053 1333 1104 erut
1358 1041 1392 1102 ir

353 1128 521 1208 planiorem
541 1127 811 1209 patentioremque,
837 1145 927 1206 quarn
948 1137 1051 1185 cetera
1072 1126 1165 1202 circa,
1189 1124 1300 1187 vallem
1322 1147 1390 1187 ver·

354 1233 439 1293 gens.
452 1213 591 1274 adversus
606 1233 676 1274 eum
698 1212 836 1271 ³‘vineas
859 1231 948 1290 agere
974 1209 1116 1287 instituit,
1138 1231 1193 1292 per
1215 1231 1290 1290 quas
1313 1212 1393 1272 aries

355 1299 504 1360 moenibus
519 1298 670 1359 admoveri
687 1307 798 1378 posset.
841 1291 903 1356 Sed
926 1306 960 1357 ut
983 1295 1067 1356 loeus
1089 1295 1193 1376 procul
1214 1317 1302 1358 muro
1316 1298 1393 1358 satis

166 1402 308 1465 ungamini
355 1405 454 1464 aequus
470 1383 596 1464 agendis
607 1383 702 1443 vineis
717 1382 795 1457 fuit3
819 1381 864 1442 ita
877 1381 1109 1460 haudquaquam
1134 1401 1287 1464 prospere,
1305 1392 1393 1463 post

189 1469 283 1517 fasces
297 1485 335 1518 τε·
356 1489 446 1549 quam
460 1469 500 1530 ad
514 1469 654 1531 effectum
676 1468 775 1548 operis
794 1477 917 1528 ventum
941 1477 998 1543 est,
1023 1467 1132 1548 coeptis
1150 1467 1349 1528 succedebat.
1359 1479 1393 1530 et

190 1547 300 1596 pupiano.
356 1556 445 1618 turris
457 1554 563 1634 ingens
577 1553 767 1614 inminebat:
792 1563 825 1613 et
837 1571 951 1630 murus,
976 1564 1011 1614 ut
1031 1552 1062 1611 in
1082 1565 1223 1632 suspecto
1239 1552 1319 1630 loco,
1338 1574 1391 1614 su·

354 1661 410 1722 pra
434 1651 539 1701 ceteras
568 1640 691 1700 modum
718 1637 883 1698 altitudinis
912 1637 1061 1698 emunitus
1086 1649 1174 1699 erat:
1196 1649 1229 1699 et
1248 1635 1391 1718 juventus

357 1724 484 1802 delecta,
499 1726 549 1786 ubi
566 1725 727 1806 plurimum
742 1726 768 1762 ³⁴
780 1723 901 1802 periculi
918 1743 955 1783 ac
971 1722 1082 1782 laboris
1099 1722 1327 1801 ostendebatur,
1349 1724 1392 1784 ibi

355 1811 383 1869 vi
398 1809 512 1890 majore
527 1810 723 1870 obsistebant.
766 1808 813 1868 Ac
828 1808 925 1887 primo
940 1806 1102 1869 missilibus
1123 1808 1303 1870 submouere
1317 1810 1390 1870 bos·

355 1905 429 1973 tem,
452 1915 507 1955 nec
534 1894 697 1975 quidquam
717 1893 791 1954 sutis
816 1905 915 1954 tutum
944 1893 1147 1955 munientibus
1176 1894 1252 1974 pati.
1278 1894 1394 1955 deinde

195 2025 198 2032 .
304 2025 306 2030 ,
350 1979 417 2060 jum
431 2000 493 2040 non
508 2001 563 2061 pro
577 1981 727 2040 moenibus
741 1979 834 2039 modo
849 1989 941 2058 utque
961 1979 1035 2039 turri
1054 1979 1117 2040 tela
1134 1978 1259 2056 micare,
1280 1980 1336 2040 sed
1350 1979 1392 2040 ad

355 2065 573 2146 erumpendum
599 2064 690 2124 etiam
715 2065 746 2122 in
772 2063 919 2124 stationes
944 2084 1095 2144 operaque
1116 2063 1250 2125 hostium
1272 2065 1393 2126 animm

356 2161 441 2210 erat:
466 2150 572 2228 quibus
600 2149 803 2210 tumultuariis
824 2149 1040 2210 certaminibus
1062 2149 1144 2210 haud
1170 2148 1265 2210 ferme
1292 2149 1393 2231 plures

191 2249 309 2296 nminat
357 2231 517 2314 Saguntini
540 2233 700 2311 cadebant,
722 2253 813 2314 quam
835 2233 929 2294 Poeni.
974 2231 1020 2295 Ut
1043 2230 1114 2294 vero
1137 2232 1294 2296 Hannibal
1315 2235 1394 2316 ipse,

189 2313 328 2362 ’ΜΝ
358 2319 429 2380 dum
445 2339 562 2380 murum
577 2320 726 2381 incautius
739 2319 828 2395 subit,
851 2319 1007 2380 adversum
1030 2319 1127 2380 femur
1150 2321 1308 2400 ³⁵tragula
1321 2341 1392 2400 gra-

355 2405 432 2466 viter
446 2405 523 2466 ictus
538 2405 670 2481 eccidit3
694 2415 782 2466 tanta
795 2403 878 2464 circa
891 2404 963 2485 fuga
974 2425 1011 2464 ac
1026 2405 1191 2486 trepidatio
1205 2404 1275 2484 luit,
1285 2418 1392 2467 utnon

357 2489 485 2550 multum
501 2491 628 2570 abesset,
644 2490 715 2571 quin
730 2510 823 2570 opera
834 2509 871 2549 ac
884 2490 977 2550 vinea
991 2489 1210 2552 desererentur.

400 2572 486 2636 Vlll.
507 2578 534 2615 ³⁶
544 2575 670 2637 Obsidio
701 2574 811 2637 deinde
842 2595 896 2657 per
925 2595 1038 2657 paucos
1068 2575 1133 2637 dies
1162 2575 1271 2657 magis,
1300 2595 1394 2657 quarn

356 2661 551 2742 obpugnatio,
583 2662 650 2739 fuit,
680 2662 752 2723 dum
780 2661 888 2721 vulnus
916 2661 1002 2723 ducis
1031 2673 1195 2724 curaretur.
1224 2682 1278 2744 per
1306 2662 1391 2742 quod

356 2760 476 2828 tempus
495 2758 530 2807 ut
548 2747 632 2828 quies
651 2747 850 2809 certaminum
876 2758 952 2824 erat,
978 2746 1022 2809 ita
1040 2748 1080 2807 ab
1101 2748 1252 2829 adparatu
1266 2767 1394 2828 operum

357 2852 393 2893 ae
417 2832 618 2893 munitionum
647 2832 722 2893 nihil
752 2843 912 2893 cessatum.
957 2830 1063 2912 Itaque
1087 2834 1184 2894 aerius
1209 2834 1248 2894 de
1273 2833 1394 2912 integro

357 2918 497 2978 obortum
521 2929 570 2978 est
590 2916 709 2993 bellum,
734 2917 926 2999 pluribusque
941 2918 1085 2999 partibus,
1107 2918 1158 2979 vix
1172 2918 1395 2999 accipientibus

357 3002 535 3082 quibusdam
568 3022 661 3084 opera
691 3002 776 3079 locis,
812 3004 906 3064 vineae
939 3014 1047 3083 coeptas
1079 3002 1139 3082 agi,
1178 3002 1393 3083 admoverique

357 3088 444 3148 aries.
488 3088 673 3150 Abundabat
684 3088 879 3149 multitudine
889 3088 1048 3149 hominum
1062 3086 1171 3149 Poenus
1181 3111 1191 3164 3
1214 3090 1255 3149 ad
1269 3098 1393 3151 centurn

356 3173 437 3233 enim
452 3174 670 3255 quinquaginta
683 3172 779 3234 millia
796 3177 822 3219 ³⁷
834 3173 973 3234 habuisse
999 3174 1029 3233 in
1052 3173 1143 3235 aruris
1166 3173 1265 3235 satisl’
1290 3174 1390 3235 credi-

355 3270 414 3322 tur.
457 3256 608 3342 Oppidani
634 3259 797 3322 adomnia
818 3258 930 3321 tuenda
949 3268 1038 3339 atque
1059 3258 1200 3321 obeunda
1219 3258 1391 3319 ”multifa-

765 3435 779 3469 Ρ
794 3431 901 3479 nticdel.
912 3428 985 3479 Grau.

389 3552 411 3587 ³³
430 3550 517 3619 Vitatur]
531 3553 650 3603 Vidmot.
668 3556 857 3607 94.sa.c.1t.u
890 3558 956 3611 Quies
977 3566 1034 3621 erut,
1049 3564 1077 3603 ut
1095 3568 1152 3605 mex
1168 3552 1267 3614 ditetur,
1290 3556 1398 3603 cauni.

358 3630 386 3665 ll·
887 3638 949 3669 mm·

390 3679 413 3713 ³⁴
428 3678 562 3729 Per-iculiuc
578 3681 664 3743 uberis]
684 3682 766 3733 Parum
784 3685 857 3735 iuter.
920 3687 943 3724 ⁸⁷
959 3684 1065 3733 Habrdrrr
1082 3686 1108 3732 ia
1125 3684 1192 3731 amu
1210 3684 1263 3731 καὶ
1281 3682 1393 3743 creditur]

357 3754 401 3791 ert.
435 3744 478 3792 Sed
495 3756 571 3794 tamen
587 3762 628 3795 sex
646 3748 721 3808 scripti
737 3764 750 3795 a
765 3751 858 3798 Grooo·
890 3749 978 3798 Vocem
996 3750 1048 3795 ntis
1068 3747 1176 3811 adjiciunt
1193 3749 1239 3795 duo
1256 3745 1293 3795 vel
1313 3747 1397 3809 oprimi

356 3810 394 3857 vio
412 3808 509 3869 allegati.
527 3822 575 3860 tues
593 3812 663 3859 nestri
684 3812 770 3861 babent
786 3831 813 3863 ac
828 3817 859 3863 u·-
891 3814 978 3877 scripti,
1002 3812 1061 3860 altar
1088 3812 1213 3870 Graeceio,
1244 3810 1310 3859 nebia
1336 3811 1398 3859 alter

356 3874 428 3921 morit.
890 3880 1024 3941 inspectus:
1051 3888 1076 3924 et
1094 3875 1179 3940 placuit
1202 3875 1250 3935 illa,
1275 3876 1304 3922 ob
1331 3876 1397 3923 affir-

388 3938 412 3972 ³⁵
436 3936 546 4003 Traguu]
577 3938 674 4000 Tragula
701 3942 785 3990 mitiis
809 3952 859 3989 erat
890 3943 967 3990 mandi
986 3940 1129 3997 modestiam,
1146 3951 1172 3987 et
1198 3940 1250 4002 quia
1267 3940 1398 3999 elegantium

356 4002 440 4061 telum,
460 4004 494 4052 rio
516 4004 614 4063 dietum,
633 4006 652 4051 si
671 4005 784 4053 ποιϋιπυι
800 4002 859 4052 Var-
890 4006 929 4054 hic
945 4017 1068 4069 usurpatur
1085 4018 1153 4067 quara
1173 4016 1201 4051 at
1220 4005 1294 4066 sapist
1310 4003 1399 4051 libras-li

356 4068 416 4125 roni,
429 4068 446 4116 l.
458 4080 494 4116 ιν.
503 4068 532 4116 de
544 4069 629 4131 Lingua
640 4068 859 4131 latmtrqy'icieado.
891 4085 995 4117 mum.
1031 4070 1059 4117 ln
1081 4069 1110 4117 iis
1130 4085 1183 4131 qua
1202 4068 1337 4131 precedunt
1355 4083 1402 4129 pro

357 4126 607 4183 validissimarum
617 4145 706 4197 appetet
717 4150 746 4182 ex
757 4134 826 4181 Suida
836 4132 861 4179 iu
891 4134 987 4181 mum
1002 4143 1043 4192 ert,
1059 4134 1130 4183 iidem
1143 4132 1399 4181 nnnuabeoeomm

308 4224 311 4231 .
358 4206 414 4239 voce
435 4194 533 4247 Κόττας.
577 4197 687 4247 &tetum
712 4201 763 4262 ejus
790 4197 861 4244 hm
891 4206 933 4246 ectr
952 4199 993 4245 sed
1003 4199 1066 4259 parri
1075 4198 1156 4247 refert.

447 4266 508 4303 uota.
922 4261 946 4295 ³⁸
966 4260 1101 4309 Madd-oda
1121 4271 1170 4309 crte
1192 4259 1304 4321 dumeti]
1329 4256 1399 4305 Mul·

389 4318 413 4353 ³⁶
429 4318 445 4349 ⁹
462 4316 676 4393 wir-...arogis
694 4342 760 4387 φιω
777 4340 860 4401 oppug-
892 4322 1000 4372 undum
1020 4326 1129 4374 adtribue
1150 4336 1233 4380 artem,
1256 4336 1284 4373 ut
1304 4335 1400 4387 ponent

357 4381 429 4443 nmio]
458 4380 566 4443 Crngebat
583 4392 672 4449 quidem
691 4391 770 4437 urbern
785 4390 859 4437 nou·
889 4402 941 4435 tete
987 4390 1091 4437 toronis
1177 4389 1263 4436 tuenda
1278 4398 1356 4436 caeru
1373 4399 1401 4434 et

358 4446 387 4498 lis
403 4445 525 4509 esuritur,
545 4460 569 4500 rt
585 4466 637 4501 aru
653 4468 700 4505 noa
711 4453 860 4517 eppuzmbrt.
890 4404 1004 4513 abrstide.
1019 4405 1161 4519 ἀισικιιίξῖ..ι
1178 4452 1314 4517 Etpeditlw
1330 4462 1409 4511 Μ»
