3092 5200
459 389 538 452 uu.
552 384 665 453 XXVI.
685 388 865 453 eneam.
1135 391 1192 451 821

148 545 160 579 ‘
173 543 407 627 nos'nostraquc
420 541 525 608 omnia
544 545 692 609 Romanis
714 545 905 608 dedidimus?
919 542 1002 606 dani
1015 565 1033 606 e
1048 543 1195 611 memoria
1206 546 1242 597 U·
1252 547 1282 598 c·
1293 545 1351 596 ⁵⁴¹·

146 631 162 684 ‘-
172 633 313 710 excessit,
334 653 395 713 quo
417 643 567 716 tempore,
589 645 621 696 et
636 631 667 694 in
683 653 743 714 qua
758 633 916 695 fortunas
929 631 1044 715 populo
1054 631 1195 713 Romano
1206 611 1275 668 Ν·
1285 610 1341 661 ²¹¹⁰

148 718 160 752 ‘
175 718 396 782 defecerimus?
417 718 494 801 jam,
509 718 768 802 quemadmodum
783 720 816 781 in
830 718 1002 780 defectione
1012 719 1195 802 praesidinm,

148 804 160 838 ‘
175 805 257 886 qnod
276 801 397 888 poterat
420 805 531 885 emitti,
555 825 609 889 per
623 806 792 868 cruciatum
806 805 891 867 etad
906 805 1123 867 contumeliam
1138 825 1194 866 ne·

148 891 328 954 ‘carimusl
352 891 470 973 quoties
486 891 517 953 in
539 893 724 970 obsidentes,
747 910 838 973 quam
862 890 986 953 inimice
1001 891 1197 974 eruperimus,

150 977 277 1043 ‘eastra
301 965 559 1060 obpugnarimusl
591 976 799 1040 Hannibalem
813 978 1019 1040 vocaverimus
1039 978 1079 1040 ad
1093 978 1198 1060 obpri-

150 1062 162 1097 ‘
176 1063 303 1126 mendos
317 1063 392 1126 eos?
417 1065 476 1127 hoc
492 1065 575 1147 quod
589 1065 831 1127 recentissimum
843 1075 901 1143 est,
912 1064 953 1126 ad
964 1063 1199 1148 obpugnandam

151 1151 162 1186 ‘
178 1149 308 1212 Romam
323 1149 395 1212 hinc
410 1171 479 1212 eum
495 1150 685 1213 miserimus?
714 1149 781 1234 Age
797 1162 916 1229 contra,
937 1171 1002 1234 quae
1025 1149 1069 1212 illi
1091 1149 1201 1213 infeste

151 1237 163 1271 ‘
177 1237 208 1297 in
222 1255 280 1298 nos
294 1236 433 1315 fecerint,
455 1237 584 1320 repetite
596 1235 664 1299 :ut
678 1257 717 1298 ex
732 1258 781 1315 eo,
803 1236 877 1318 quid
892 1237 1029 1319 speretis,
1051 1235 1201 1299 habeatis.

151 1321 279 1393 ‘Quum
295 1322 396 1386 hostis
417 1324 589 1404 alienigena
610 1322 642 1384 in
659 1320 749 1385 ltalia
763 1334 854 1401 esset,
875 1336 908 1386 et
922 1321 1079 1385 Hannibal
1094 1323 1202 1401 hostis,
1243 1342 1249 1353 “

151 1408 163 1442 ‘
176 1419 208 1470 et
222 1419 335 1472 cuncta
347 1409 429 1471 bello
443 1409 595 1488 arderent,
609 1408 730 1471 omissis
739 1409 891 1488 omnibus,
902 1410 1016 1472 omisso
1031 1409 1103 1492 ipso'
1113 1407 1203 1470 Han-

152 1494 164 1529 ‘
177 1495 291 1574 nibale,
300 1495 392 1558 ambo
402 1495 543 1557 consules
555 1507 587 1558 et
595 1495 657 1557 duo
666 1496 839 1557 consulares
854 1496 1004 1557 exercitus
1015 1495 1056 1557 ad
1066 1494 1202 1578 Capuam

152 1580 416 1666 ‘obpugnandam
431 1581 588 1644 miserunt.
620 1580 757 1643 Alterum
774 1601 887 1650 annum
900 1582 1141 1645 circumvallatos
1156 1583 1204 1643 in-

153 1667 337 1750 ‘clusosque
366 1688 424 1731 nos
453 1668 535 1729 farne
564 1679 732 1746 macerant,
763 1678 796 1730 et
823 1667 881 1750 ipsi
910 1668 1069 1730 nobiscum
1096 1668 1206 1730 ultima

154 1754 315 1836 ‘pericula
338 1774 374 1816 ac
397 1749 733 1836 gravissimos'labores
756 1753 902 1836 perpessi,
925 1754 1007 1815 circa
1031 1752 1144 1815 vallum
1168 1773 1204 1815 ac

153 1839 278 1902 ‘fossas
292 1845 371 1923 saepe
385 1839 539 1919 trucidati,
561 1851 593 1902 et
604 1860 707 1923 *prope
718 1839 770 1901 'ad
790 1850 959 1902 extremum
979 1837 1091 1902 'castris
1111 1840 1206 1902 exuti.

155 1928 167 1962 ‘
182 1923 244 1988 Sed
259 1925 369 1989 omitto
383 1926 458 1989 haec.
472 1938 560 1988 vetus
575 1937 668 2007 atque
682 1926 796 1988 usitata
809 1923 861 1988 res'
872 1924 930 2004 est,
953 1925 985 1987 in
1001 1926 1208 2009 obpugnanda

156 2012 316 2074 ‘hostium
339 2013 413 2075 urbe
438 2013 556 2074 labores
580 2031 616 2074 ac
641 2012 776 2094 pericula
790 2013 866 2096 pati.
881 2011 957 2073 illud
972 2012 1023 2073 irae
1037 2021 1129 2094 atque
1144 2011 1206 2073 odii
1274 2041 1278 2050 ·

155 2097 375 2176 ‘exsecrabilis
400 2097 548 2160 indicium
574 2110 631 2161 est.
675 2096 833 2160 Hannibal
853 2097 1026 2179 ingentibus
1041 2097 1137 2182 copiis
1151 2117 1207 2182 pe·
1294 2107 1297 2112 ’

156 2183 280 2246 ‘ditum
307 2184 503 2266 equitumque
529 2195 630 2246 castra
653 2184 851 2267 obpugnant,
877 2194 909 2245 et
925 2184 974 2245 'ex
997 2195 1084 2267 parte
1101 2184 1205 2265 cepit:
1305 2207 1308 2212 ·

156 2271 270 2334 ‘tanto
337 2269 431 2333 riculo
456 2269 534 2332 nibil
562 2269 638 2332 moti
664 2273 801 2332 suntab
829 2269 1000 2333 obsidione.
1050 2267 1208 2331 Profectus

104 2433 107 2438 Ι
158 2357 267 2418 ‘trans
319 2355 485 2435 ultumum,
514 2353 646 2441 perussit
671 2353 832 2418 Calenum
846 2375 979 2439 agrum:
1016 2354 1093 2416 nihil
1119 2366 1209 2416 tanta

159 2443 336 2506 ‘sociomm
366 2441 452 2506 clade
481 2443 598 2505 avocati
625 2452 705 2504 sunt.
749 2441 800 2504 Ad
822 2442 922 2524 ipsam
946 2441 1053 2504 urbem
1076 2439 1209 2504 Romam

159 2529 297 2592 ‘infesta
321 2527 409 2613 signa
431 2529 501 2592 ferri
524 2528 624 2613 jussit.
647 2547 716 2591 eam
741 2547 861 2610 quoqne
886 2539 1102 2612 tempestatem
1117 2528 1209 2590 inmi-

158 2617 310 2679 ‘nentem
336 2628 522 2699 spreverunt.
578 2614 797 2697 Transgressus
826 2614 988 2695 Anienem,
1018 2615 1078 2677 tria
1112 2616 1211 2677 millia

160 2702 172 2737 ‘
186 2722 330 2785 passuum
346 2704 385 2765 ab
399 2704 474 2765 urbe
485 2712 585 2765 castra
595 2703 717 2785 posuit:
739 2713 896 2786 postremo
912 2701 952 2763 ad
967 2702 1083 2764 moenia
1096 2701 1164 2785 ipsa
1177 2711 1211 2762 et

160 2788 226 2851 ‘ad
239 2788 497 2872 portas'acccssit.
542 2786 673 2850 Romam
689 2808 721 2849 se
745 2786 938 2850 ademturum
958 2788 1013 2866 eis,
1034 2788 1092 2849 nisi
1115 2784 1208 2851 omit-

101 2950 104 2956 ¹
159 2874 288 2939 ‘terent
313 2872 463 2959 Capuam,
489 2873 634 2937 ostendit.
660 2892 721 2935 non
747 2875 924 2936 omisenmt.
968 2872 1059 2936 Feras
1084 2874 1210 2953 bestias,

160 2960 267 3023 ‘caco
293 2961 400 3044 inpetu
425 2959 569 3021 serabis
594 2960 775 3038 concitatas,
797 2960 822 3019 si
847 2960 886 3021 ad
912 2959 1024 3021 cubilia
1044 2969 1076 3021 et
1091 2960 1210 3021 catulos

159 3045 171 3080 ‘
187 3065 291 3107 earum
306 3046 350 3108 ire
363 3066 483 3129 pergas,
496 3044 537 3106 ad
551 3064 641 3127 opem
656 3044 717 3105 suis
732 3044 888 3106 ferendam
904 3056 1031 3107 avertas.
1051 3044 1211 3106 Romanos

161 3130 291 3193 ‘Roma
299 3130 507 3207 circumsessa,
519 3128 677 3211 conjuges,
686 3129 783 3207 liberi,
795 3149 923 3211 qnorum
934 3130 1071 3212 ploratus
1083 3131 1111 3170 ⁸·
1119 3130 1211 3191 hinc·
1317 3160 1328 3173 ·

161 3217 173 3252 ‘
189 3238 285 3317 prope
299 3216 548 3293 exaudiebantur,
560 3236 629 3293 ara,
644 3214 716 3291 foci,
727 3212 832 3277 Derim
847 3214 981 3293 delubra,
995 3214 1134 3297 sepulcra
1141 3234 1211 3278 ma·

161 3304 175 3339 ‘
185 3322 290 3386 Jorum
304 3314 455 3367 temerata
468 3322 504 3364 ac
517 3301 643 3379 violata,
667 3322 687 3362 a
709 3298 817 3383 Capua
829 3319 892 3363 non
906 3297 1099 3364 averterunt:
1122 3314 1212 3365 tanta

161 3388 317 3453 ‘aviditas
332 3388 472 3536 supplicii
483 3387 659 3471 expetendi,
680 3397 768 3450 tanta
778 3386 933 3470 sanguinis
944 3387 1041 3450 nostri
1053 3388 1211 3451 hauriendi

153 3477 175 3538 .‘
190 3475 330 3538 est'aitis.
405 3494 441 3537 ec
455 3473 566 3556 injuria
578 3474 715 3536 forsitan.
727 3492 783 3536 nos
794 3493 913 3558 quoque
927 3474 1010 3535 idem
1024 3473 1211 3554 fecissemus,

161 3563 173 3597 ‘
188 3562 213 3623 si
229 3561 304 3625 data
316 3561 439 3624 fortuna
453 3572 542 3623 esset.
565 3560 568 3567 '
597 3558 703 3641 ltaque
718 3556 847 3643 quando‘
854 3560 944 3623 aliter
957 3558 1026 3622 Diis
1041 3556 1212 3637 inmortali·

163 3648 246 3711 ‘bus
267 3648 365 3710 visum
389 3658 447 3726 est,
462 3667 555 3729 quum
570 3656 700 3709 mortem
714 3666 753 3708 ne
768 3666 907 3709 recusare
922 3646 1046 3728 quidem
1061 3647 1212 3725 debeam;
1261 3700 1264 3707 .

164 3734 176 3769 ‘
189 3732 341 3801 cruciatus
355 3732 625 3815 contumeliasque,
637 3754 711 3815 quas
722 3743 827 3816 sperat
840 3731 1031 3812 hostis,'dum
1042 3732 1129 3812 liber,
1139 3735 1213 3795 dum

165 3820 177 3855 ‘
191 3821 250 3883 mei
265 3832 374 3904 potens
389 3840 466 3897 sum,
482 3818 614 3901 effligere
628 3830 737 3899 morte,
751 3829 951 3903 praeterquam
965 3820 1106 3898 honesta,
1117 3820 1212 3881 etiam

166 3904 263 3984 ‘leni,
277 3926 410 3989 possum.
454 3903 527 3968 Non
549 3905 659 3967 uidebo
683 3904 743 3987 Ap.
768 3903 930 3968 Claudium
954 3916 987 3966 et
1008 3904 1047 3976 Q.
1062 3904 1213 3984 Fulvium,

166 3992 319 4055 ‘victoria
333 3992 473 4055 insolenti
488 3992 638 4069 subnisos,
662 4010 760 4073 neque
774 3992 893 4053 vinctus
907 4013 962 4075 per
976 3993 1082 4053 urbem
1095 3989 1212 4053 Roma·

166 4078 263 4141 ‘nam
276 4078 422 4162 triumphi
438 4078 645 4161 spectaculum
661 4078 775 4155 trahar,
789 4088 826 4139 ut
840 4077 950 4140 deinde
965 4078 997 4139 in
1012 4098 1144 4156 carcere,
1159 4090 1213 4139 aut

157 4164 177 4225 .‘
192 4164 232 4225 ad
245 4164 349 4247 palum
364 4165 525 4247 deligatus,
547 4164 680 4227 lacerato
704 4164 795 4244 virgis
819 4174 918 4245 tergo,
930 4202 932 4205 <
943 4162 1091 4225 cervicem
1113 4164 1211 4224 securi

166 4248 337 4313 ‘Romame
350 4250 531 4335 subjiciam:
554 4270 611 4313 nec
626 4249 704 4311 dirui
724 4248 908 4331 incendique
926 4249 1057 4332 patriam
1077 4247 1209 4334 uidebor

570 4354 818 4421 ‘im.quoqruGroa.

198 4444 223 4481 ω
234 4445 295 4497 issac
302 4464 367 4511 propr
376 4448 558 4511 mediabuntur]
568 4446 673 4508 Sigonius
704 4446 839 4513 particulam
853 4454 964 4511 respuam
978 4444 1209 4497 autumemus·

167 4512 287 4563 addiderat
312 4528 411 4577 quoque.-
442 4515 481 4567 κύ
507 4513 672 4567 redundantem
704 4512 1067 4566 vrnucmc.··etonaerocrm.

209 4598 285 4649 vor..
300 4599 337 4646 11.
736 4597 760 4641 u
