3092 5200
607 570 877 655 EPITOME
906 573 1069 656 LIBRI
1088 573 1190 656 XII.

424 811 572 882 QUUM
580 813 680 897 legati
694 813 939 880 Romanor-uma
966 816 1066 880 Gallis
1083 814 1245 879 Senonibus
1258 815 1410 897 interfecti

376 905 486 976 essent,
499 898 578 962 bollo
592 899 630 961 oh
644 900 678 961 id
697 899 799 963 Gallis
811 903 936 979 indicta,
948 901 996 963 L·
1007 901 1146 964 Caeailius
1155 911 1268 982 prator
1282 923 1352 964 cum
1366 899 1409 963 le-

370 982 514 1062 gianibus
536 984 576 1046 ab
597 985 636 1046 iis
650 1005 744 1048 caesus
764 996 819 1048 est.
865 987 964 1058 Quum
984 1006 1006 1048 a
1029 986 1205 1050 Tarentinis
1224 987 1328 1049 classis
1342 985 1408 1050 Ra·

376 1086 470 1129 nnana
484 1069 604 1150 direpto
618 1079 703 1148 esset,
717 1071 883 1150 damnabo,
908 1071 960 1154 qui
972 1080 1104 1152 preerat
1118 1071 1218 1150 classi,
1239 1072 1345 1150 occiso,
1366 1072 1409 1134 le-

368 1153 454 1235 gati,
479 1155 620 1217 adeosa
640 1165 761 1235 senatu,
784 1167 820 1219 ut
840 1157 879 1218 de
897 1158 937 1219 iis
956 1154 1079 1240 injuriis
1090 1167 1293 1241 manamaur,
1315 1158 1409 1236 mian,

361 1239 493 1316 ,pulsati
505 1250 586 1302 stunt.
601 1243 638 1304 ob
652 1241 701 1320 id,¹
710 1243 826 1305 belhem
837 1245 879 1305 iis
891 1244 1041 1306 indictum
1054 1252 1109 1306 est.
1141 1241 1309 1306 ‘Samnites
1319 1240 1405 1321 dese·

369 1333 488 1386 emunt.
510 1366 513 1372 ·
531 1327 684 1390 Aduersus
699 1349 758 1406 aas,
773 1337 804 1390 et
817 1331 978 1406 Maenas,
1004 1338 1034 1390 et
1050 1328 1196 1407 Bruttios,
1218 1338 1247 1392 et
1262 1328 1408 1392 armen

366 1409 490 1493 alimum
514 1413 630 1492 proeliis
655 1434 676 1475 a
702 1416 900 1494 compluribus
914 1415 1043 1477 ducibus
1063 1415 1140 1478 hene
1162 1424 1335 1496 pugnatum
1354 1422 1410 1476 ert.

376 1495 517 1579 Pyrrhus
533 1499 731 1578 Epirotarum
746 1521 812 1579 rer,
823 1534 826 1540 ,
836 1511 871 1562 ut
885 1500 1034 1563 masiliam
1049 1498 1152 1580 'ferret
1162 1500 1350 1577 Tarentinus,
1363 1498 1409 1562 in

375 1580 503 1644 Italiam
514 1586 608 1646 uenit.
656 1585 755 1656 Quum
767 1587 801 1648 in
811 1586 989 1667 praesidium
1004 1584 1296 1669 Rhegiuoncmlepio
1312 1583 1405 1646 Caun-

372 1687 539 1746 pauaaum
559 1668 821 1752 pressulaDecio
835 1669 1081 1734 Jubetaonsna
1094 1681 1179 1748 esset,
1198 1669 1303 1732 occisis
1315 1669 1404 1732 liho-

368 1753 454 1836 ginis
469 1752 623 1839 Rhegium
638 1759 805 1838 ocacpauit.

583 2125 852 2208 EPITOME
878 2123 1046 2208 LIBRI
1062 2123 1194 2205 XIII.

422 2356 657 2422 VALERIUS
675 2355 819 2420 isenburc
840 2356 944 2419 consul
970 2377 1083 2438 parum
1101 2377 1244 2437 prospere
1264 2357 1406 2421 aduam

374 2447 531 2530 Pyrrhum
538 2445 699 2528 pugnavit,
710 2443 938 2524 elephantorum
946 2443 1235 2505 mauimeiuusitata
1241 2444 1330 2524 socie
1343 2453 1404 2535 ter-

371 2535 439 2598 ritis
449 2531 601 2594 militibus.
625 2529 702 2592 Post
711 2529 743 2591 id
754 2529 895 2611 pralium
908 2548 976 2591 oum
990 2547 1116 2610 corpora
1127 2527 1344 2608 Rummmmem,
1354 2531 1405 2615 qul

371 2622 405 2683 in
420 2621 486 2683 aoie
501 2618 683 2695 ceciderant,
694 2616 837 2698 ayruun
848 2615 1017 2694 inspiceret,
1029 2616 1133 2677 omma
1146 2634 1236 2677 oerso
1247 2617 1282 2678 iu
1291 2616 1404 2679 hostern

371 2701 952 2785 inuenit,populabundusqaeadmbem
959 2702 1095 2763 Romam
1103 2702 1256 2781 processit.
1295 2702 1331 2763 C.
1340 2700 1404 2765 Fa-

372 2793 494 2869 brienus,
503 2790 610 2851 maus
622 2788 664 2850 ad
677 2809 745 2850 aem
759 2795 948 2866 arenatiuut
957 2787 998 2849 de
1008 2787 1186 2849 redimendis
1194 2787 1322 2868 captiuis
1328 2808 1404 2871 age-

371 2885 429 2956 ret,
437 2877 572 2959 frustra,
587 2883 622 2935 ut
632 2874 768 2953 patriam
781 2874 941 2950 desmemt,
956 2892 977 2934 a
989 2892 1066 2955 rege
1079 2881 1212 2935 tantoties
1224 2882 1280 2935 est.
1292 2875 1406 2954 captim

352 2963 437 3025 --sine
447 2960 756 3043 pretioremissisunt.
795 2956 1407 3041 Gneaulegatusol’yrrhoudsenatum

372 3049 490 3125 manu,
497 3046 594 3127 petiit,
603 3054 638 3106 ut
646 3044 858 3123 componendae
863 3044 952 3125 pacis
958 3063 1067 3105 caussa
1076 3043 1280 3104 reainurbern
1288 3045 1406 3125 recipe-

365 3143 464 3196 «retnis.
477 3134 515 3194 de
528 3150 588 3213 mco
609 3150 641 3189 re
651 3148 742 3211 mrum
756 3129 808 3187 od·
811 3127 1050 3208 frequentiorem
1062 3134 1200 3188 seramus
1213 3126 1322 3207 referri
1330 3130 1404 3209 pla-

361 3221 491 3297 cuisset,
513 3218 575 3295 Ap.
593 3213 748 3288 Claudius,
779 3212 835 3294 qui
862 3216 871 3250 ¹
878 3220 1003 3293 propter
1029 3212 1232 3274 valetudinum
1253 3214 1406 3278 amalorum

361 3303 491 3388 jamdiu
506 3300 637 3381 cornilius
654 3297 785 3379 publicis
808 3317 839 3359 se
861 3298 1059 3374 abstinuerat,
1081 3296 1163 3359 uenit
1176 3298 1211 3358 iu
1227 3299 1353 3375 curiam,
1375 3310 1406 3363 et

371 3389 520 3453 sententia
533 3398 591 3445 sua
607 3384 712 3457 tenuit,
734 3390 769 3441 ut
782 3382 817 3441 id
831 3383 956 3461 Pyrrho
968 3390 1140 3463 negaretur.
1186 3382 1242 3443 Cn.¹
1250 3382 1407 3448 Domitius

372 3490 478 3535 cursor
492 3469 607 3547 privans
624 3486 663 3527 sn
681 3463 770 3544 plebe
796 3464 926 3527 lustrum
940 3467 1086 3529 condidit.
1105 3486 1193 3529 censa
1206 3476 1276 3529 snm
1297 3470 1406 3532 ciuium

372 3556 477 3635 capita
498 3552 628 3613 ducenta
640 3550 836 3633 septuaginta
851 3558 919 3613 octo
938 3550 1045 3629 millia,
1060 3552 1191 3616 ducenta
1204 3554 1316 3636 oigirsti
1336 3554 1406 3619 duta.

375 3640 488 3703 Iterum
499 3636 809 3719 aduersusPyrrhum
822 3636 1029 3699 dubio'eoeutu
1035 3648 1212 3720 pugnatum
1221 3649 1276 3700 est.
1304 3640 1407 3703 ’Cum
1517 3653 1518 3684 ³

374 3720 687 3803 Karthaginiensibus
701 3719 954 3805 quartumsoedus
967 3733 1207 3787 renouatum-est.
1254 3724 1353 3795 Quum
1371 3719 1405 3789 C.

374 3808 517 3875 Fabricio
532 3806 649 3869 cornuali
659 3806 697 3884 is,
711 3807 762 3888 qui
778 3808 820 3867 ad
831 3828 898 3869 eum
920 3808 1073 3891 aPyrrho
1083 3806 1304 3892 trarusugerat,
1314 3808 1404 3891 polli-

372 3904 497 3971 oeretur,
511 3913 544 3954 se
559 3892 627 3973 regi
640 3910 785 3953 umanum
795 3893 950 3970 daturum,
969 3895 1161 3957 eamindicio
1180 3896 1224 3956 ad
1236 3916 1343 3979 regem
1355 3916 1405 3958 re-

371 3984 480 4044 missus
493 3986 549 4039 est.
592 3976 657 4037 Iles
668 3987 817 4057 praterea
830 3986 937 4039 eontra
951 3977 1108 4058 Etruscam,
1124 3980 1281 4061 Lucanos,
1301 3982 1403 4045 Brut-

371 4067 440 4144 tios,
455 4074 485 4128 et
502 4061 655 4125 Sornnites
665 4082 810 4143 prospere
825 4073 930 4145 gestas
945 4066 1085 4128 continet.

407 4215 526 4277 ¹Pmpter
549 4216 728 4279 inmletudimm]
763 4217 801 4265 Sic
836 4232 876 4264 re·
906 4218 1065 4269 Antaeus.
1097 4221 1241 4283 Itaqueeam
1253 4224 1336 4271 maturi
1350 4222 1410 4271 nihil

372 4290 433 4327 teres
454 4292 540 4325 omues.
583 4280 631 4329 lac.
651 4280 780 4327 Grauioriue
807 4280 876 4329 edidit
906 4282 1023 4330 sumebat.

371 4343 522 4389 matudinenr.
555 4340 601 4389 Sed
618 4345 876 4407 inmletudoroxprobe
937 4346 1021 4393 ram
1172 4352 1284 4399 uiasribru
1330 4360 1410 4416 qua-ta

371 4416 416 4465 est,
445 4417 470 4453 es
491 4404 596 4455 citerani
618 4406 736 4467 aliquoties
763 4420 876 4471 mrpnta,
895 4408 974 4472 sadus
990 4420 1115 4461 remmtum
1130 4424 1161 4463 ut
1194 4414 1247 4465 vu.
1262 4418 1361 4467 amdd·
1378 4416 1409 4465 sd

369 4478 425 4532 putu
442 4468 459 4517 l.
469 4480 513 4517 vn.
531 4470 559 4515 ed
572 4468 623 4516 Aet.
641 4484 676 4531 ep.
686 4472 709 4517 2.
729 4482 754 4519 et
769 4474 794 4523 b.
811 4473 874 4521 etde
906 4476 992 4523 mtd.
