3092 5200
353 336 414 401 trs
635 380 641 389 .
722 296 863 394 '‘zunt-
877 328 979 393 mm

191 492 331 545 ocsus.
357 505 455 567 neque
469 495 536 548 erat
548 485 647 549 navali
669 504 773 569 pugne
791 484 919 549 similis:
942 483 1054 568 quippe
1071 484 1129 549 xubi
1153 483 1406 549 nihilvoluutu-

155 661 161 669 .
191 561 225 611 A.
234 556 263 609 ⁰·
274 560 332 612 ²⁰⁶·
357 574 447 651 rium,
462 572 538 635 nibil
551 573 624 637 artis
638 582 692 635 sut
705 572 825 635 consilii
844 583 934 635 esset.
977 570 1050 635 Uns
1068 584 1178 637 namra
1192 572 1271 651 freti,
1285 583 1406 636 αωο-

359 680 418 742 que
440 660 535 721 totius
555 660 730 722 certaminis
752 670 873 743 potens,
898 659 970 738 suis,
996 659 1102 722 alienis
1122 659 1247 723 nsvibm
1261 658 1402 741 nequid·-

359 765 452 828 quaru
465 746 594 829 remigio
608 747 643 815 in
657 746 843 809 contrarium
857 745 1019 809 tendentes
1031 746 1204 825 invehebat,
1225 748 1252 787 ⁸⁵
1261 757 1295 807 ut
1307 745 1401 827 fugi-

359 843 461 895 entem
476 842 605 895 uavem¹
626 833 744 895 videres
758 842 841 894 retro
854 832 969 895 vortice
983 833 1129 895 intortam
1142 832 1324 895 uictoribus·
1342 833 1400 893 in-

358 918 474 997 lstsm3
495 930 529 981 et
551 929 741 1000 sequentem,
765 918 791 980 si
815 918 846 980 iu
871 920 1055 981 contrarium
1079 930 1211 981 tractum
1238 919 1400 982 incidisset

358 1005 463 1084 maris,
476 1004 621 1087 fugientis
635 1005 729 1067 modo
743 1024 809 1067 sese
823 1016 1018 1072 avertentem.
1060 1004 1131 1068 Jam
1154 1006 1185 1067 in
1205 1006 1272 1088 ipsa
1290 1024 1397 1088 pugna

357 1092 435 1170 hec,
458 1110 551 1172 quum
576 1090 690 1154 infesto
712 1103 812 1154 rostro
837 1103 955 1175 peteret
978 1091 1109 1155 hostium
1129 1112 1255 1169 novem,
1267 1092 1397 1173 obliqua

357 1178 426 1260 ipss
439 1178 534 1240 ictum
553 1178 677 1241 ulterius
699 1178 788 1241 rostri
811 1177 999 1261 accipiebat:
1022 1178 1084 1257 illa,
1109 1198 1202 1259 quum
1224 1190 1394 1241 trunsrerss

357 1263 539 1347 objiceremr
564 1264 655 1342 hosti,
680 1274 806 1346 repente
826 1265 941 1327 intorta
960 1265 992 1328 in
1016 1284 1138 1347 proram
1157 1265 1394 1347 *circumageba-

358 1360 418 1413 tur.
464 1350 567 1421 Quum
587 1350 666 1412 inter
680 1352 827 1429 triremes,
856 1350 980 1413 fortuna
1008 1362 1144 1433 regente,
1172 1370 1279 1432 auceps
1304 1371 1391 1433 proe-

307 1436 318 1449 ”
358 1435 432 1499 lium
452 1437 641 1515 misceretur,
663 1437 888 1519 quinqueremis
912 1436 1061 1516 Romans,
1083 1458 1135 1499 seu
1156 1437 1287 1520 pondere
1299 1448 1390 1499 tena-

357 1522 433 1601 cior,
452 1544 506 1585 seu
525 1523 660 1605 pluribus
683 1544 836 1586 remorum
859 1524 1015 1586 ordinibus
1033 1524 1241 1587 scindentibus
1252 1524 1392 1601 vortices,

357 1628 451 1689 quum
480 1608 597 1671 facilius
622 1621 788 1693 regeremr,
813 1610 888 1673 dum
908 1611 1047 1673 triremes
1069 1610 1246 1693 subpressit
1268 1610 1394 1671 “unius

357 1694 482 1777 pneists
504 1697 610 1779 inpetu
633 1694 736 1758 interis
764 1696 889 1759 alterius
914 1718 1014 1760 remos
1040 1697 1393 1777 detestenturque,

192 1944 307 2024 ¹⁸³³&
400 1953 520 2019 loon.
549 1954 670 2034 laelius,
696 1955 794 2018 victor
822 1953 977 2019 Carteiam
1002 1967 1147 2036 reuectus,
1175 1956 1295 2034 cuditis,
1324 1968 1395 2036 que

192 2010 347 2127 xm*
358 2053 430 2105 acta
442 2040 579 2105 Gadibus
593 2055 693 2121 eram,
715 2040 903 2125 puteluetum
922 2042 1137 2126 proditionem,
1162 2040 1395 2125 conjuratosque

96 2206 99 2211 ¹
188 2140 332 2207 Sosium
358 2130 466 2193 missos
488 2129 723 2211 Karthaginem,
746 2149 832 2211 spem
848 2128 890 2191 sd
903 2129 1020 2190 irritum
1035 2129 1197 2205 redactam,
1216 2128 1392 2209 quavenis-

358 2229 437 2293 seut,
458 2217 576 2279 nunciis
590 2216 631 2277 ad
644 2214 680 2277 L.
695 2212 849 2277 Marcium
862 2215 972 2292 missis,
995 2218 1020 2261 ⁶⁷
1032 2216 1091 2277 nisi
1104 2216 1149 2295 si‘
1169 2231 1261 2279 terere
1275 2214 1394 2281 tusus

358 2314 480 2396 tempus
493 2302 630 2365 sedendo
650 2300 690 2363 ud
708 2299 811 2365 Gades
824 2300 948 2379 vellent,
974 2300 1161 2364 redeundum
1175 2300 1214 2363 ad
1227 2302 1395 2383 imperato-

358 2408 423 2449 rem
436 2409 515 2465 ssse,
536 2388 727 2449 adsentiente
742 2386 873 2465 Marcio,
899 2407 1013 2469 paucos
1035 2399 1107 2470 post
1126 2388 1193 2451 dies
1207 2384 1395 2457 emboKisr·

336 2473 515 2553 -tbaginem
544 2472 669 2534 rediere.
711 2472 763 2534 Ad
793 2482 921 2554 quorum
950 2473 1113 2537 discessum
1142 2492 1206 2536 nou
1235 2472 1394 2555 respiravit

356 2559 450 2621 modo
465 2556 573 2640 Mago,
593 2577 687 2638 quum
708 2570 790 2622 tenu
808 2560 944 2641 murique
958 2560 1079 2644 ancipiti
1094 2572 1178 2622 metu
1193 2570 1393 2644 urgueretur3

352 2645 412 2706 sed
436 2644 541 2722 etiam,
564 2645 669 2707 auditu
693 2645 859 2709 rebellione
882 2645 1055 2728 Ilergetum,
1074 2667 1156 2728 spem
1181 2646 1396 2730 recuperande

307 2773 316 2788 .
356 2727 513 2814 Hispanis
528 2742 667 2809 nmetus,
681 2733 809 2795 nuncios
823 2731 1044 2815 Karthaginem
1058 2733 1097 2794 ad
1106 2746 1244 2804 senatum
1255 2733 1395 2811 mittit²3

358 2817 421 2898 qui,
434 2818 524 2880 simul
539 2817 720 2880 seditiouem
730 2819 855 2886 ‚civilem
879 2821 912 2881 in
936 2820 1043 2882 osstris
1057 2818 1213 2898 Romanis,
1233 2819 1325 2882 simul
1338 2818 1396 2880 de-

243 2897 250 2912 ‘
358 2903 523 2968 lectionem
546 2905 698 2968 sociorum
724 2906 756 2968 iu
780 2903 877 2988 majus
901 2906 1000 2968 verbis
1017 2905 1209 2983 extollentes,
1234 2905 1397 2968 hortaren-

318 3011 321 3017 ’
358 3003 420 3070 tur,
441 3000 478 3053 ut
496 2991 611 3054 auxilia
631 2992 800 3070 mitterent,
825 2992 932 3074 quibus
956 2993 1103 3056 traditum
1117 3013 1136 3054 u
1149 2991 1284 3074 putribus
1298 2992 1395 3075 impe·

192 3089 334 3140 uulnus·
359 3077 439 3140 rium
464 3075 622 3161 Hispsniae
649 3081 746 3160 repeti
769 3089 884 3162 posset.
926 3075 1114 3142 Mandonius
1136 3088 1169 3140 et
1192 3076 1342 3157 Indibilis,
1362 3079 1396 3140 in

193 3168 220 3206 θ’
232 3155 333 3233 tunsus
359 3163 436 3227 fines
449 3165 589 3246 regressi,
603 3165 776 3248 paullisper,
798 3165 882 3244 dum,
907 3163 1051 3247 quidnam
1075 3165 1120 3227 de.
1136 3163 1286 3228 seditione
1299 3175 1396 3226 statu-

192 3235 342 3338 ffiff'.
361 3263 472 3330 eretur,
501 3252 624 3328 scireut,
649 3252 785 3334 suspensi
801 3251 996 3332 quievenmt;
1017 3251 1170 3314 sicinium
1184 3252 1277 3322 errori
1291 3251 1395 3333 ignos-

360 3349 491 3416 ceretur,
513 3358 576 3400 non
596 3338 767 3400 diffidentes
780 3337 839 3400 sibi
854 3357 973 3420 quoque
988 3337 1105 3418 ignosci
1120 3359 1221 3420 posse.
1234 3349 1394 3419 postquam

359 3423 484 3506 vulgata
509 3435 558 3486 est
586 3424 730 3486 atrocitas
758 3423 910 3506 supplicii,
938 3443 1023 3484 susm
1052 3443 1173 3508 quoque
1196 3443 1301 3486 uoxsm
1323 3423 1392 3503 pari

359 3531 453 3593 poena
463 3509 646 3574 estimatum
659 3510 729 3586 ruti,
754 3509 871 3572 vocatis
895 3529 994 3572 rursus
1021 3508 1059 3571 sd
1084 3531 1171 3572 arura
1190 3508 1395 3592 popularibus,

360 3596 684 3680 consuetisque-qun
705 3607 778 3658 aute
802 3597 981 3675 habuerunt,
1007 3596 1138 3676 auxiliis,
1162 3596 1193 3658 in
1211 3594 1395 3658 Sedemuum

394 3744 546 3794 *mun
556 3743 632 3793 oon.
768 3733 1083 3794 masticando.
1219 3739 1399 3794 ternum.

363 3808 762 3860 utrumme-omem.

395 3939 418 3976 ὓ
436 3939 605 4005 Utfsglsstsss
620 3956 697 3990 m
712 3941 867 3992 fflsm.....
898 3935 983 3999 mium,
995 3942 1050 3998 dum
1065 3939 1399 4006 prosimeillsmimpetuqn·

365 4005 488 4054 uictricibus
503 4003 601 4068 illatam]
624 4004 680 4054 Put.
698 4006 831 4066 cantabrig.
842 4019 867 4055 et
898 4007 1037 4070 terrebitur,
1054 4007 1175 4068 cmfi’egit,
1188 4017 1300 4070 quotquot
1315 4007 1344 4054 ab
1360 4005 1400 4056 illo

362 4069 526 4120 summi
539 4069 629 4119 codices
645 4084 770 4131 munt
785 4071 866 4118 rbus·
898 4071 970 4120 latere
980 4071 1091 4131 habebut,
1099 4087 1183 4121 rerum.
1199 4064 1366 4122 Gronorrtls.

363 4134 738 4198 «rs-‚woutermannus
776 4136 869 4184 Sedes
931 4133 954 4175 ω
979 4135 1167 4202 Nudum]
1197 4136 1401 4200 lumimmlgo

364 4199 434 4250 iidem
447 4200 524 4264 scripti
540 4199 628 4249 babent
642 4210 664 4249 et
673 4200 810 4265 fugientem,
821 4215 868 4256 nnn
899 4200 966 4252 dsert
985 4201 1094 4266 particula
1113 4204 1140 4251 si.
1173 4201 1246 4253 lidsm
1262 4201 1343 4265 optimi
1360 4218 1401 4252 cs-

362 4271 407 4318 «ες
421 4266 579 4325 noemin,
594 4281 678 4332 nempe
695 4265 806 4325 bulbus,
822 4281 869 4316 nou
899 4265 971 4326 dico,
992 4267 1045 4316 Put.
1066 4280 1092 4318 et
1111 4267 1244 4329 Cssnbrig.
1261 4267 1301 4316 ssd
1320 4277 1346 4316 et
1363 4283 1401 4318 rs·

363 4328 497 4378 mitibus.
898 4331 958 4392 gius,
986 4345 1012 4382 et
1037 4333 1181 4393 mensu,
1206 4349 1258 4380 esur
1283 4332 1401 4384 exhibent.

396 4387 420 4422 ⁰⁸
437 4389 509 4440 Usta·
534 4394 628 4456 prelata
643 4391 737 4456 inpura]
764 4393 869 4444 Romam
883 4395 937 4456 ,Sic
948 4408 972 4445 et
982 4396 1086 4456 l.,xxvr.
1096 4413 1123 4456 c.
1134 4400 1167 4456 v3.-
1179 4425 1183 4432 -
1196 4396 1278 4446 ΝΜ
1292 4413 1349 4448 m
1361 4413 1401 4448 ιιι

366 4453 538 4517 quinqueremis
563 4461 632 4509 usius
656 4459 773 4510 mutium
798 4463 868 4512 tn're·
899 4461 1356 4534 modispublisisrisdibutsutqram.
