3092 5200
310 267 367 323 1³⁶
710 264 795 329 Tm
814 268 914 329 mvn

142 432 177 500 u.
188 436 218 485 c.
229 436 287 488 aaa,
310 419 322 451 ‘
336 429 408 480 runt
418 419 497 481 bena
507 431 695 501 monentem,
704 424 758 485 sed
770 424 918 488 obsistere
932 446 968 487 ac
980 426 1109 490 retinere
1121 430 1224 493 conati
1234 442 1314 511 sunt,
1322 435 1356 495 ni

142 499 175 549 A.
186 497 217 552 ⁰·
228 500 286 552 ²¹⁶·
311 503 451 587 ‘strictis
461 506 572 589 gladiis
581 508 636 570 viri
648 508 807 572 fortissimi
820 512 932 575 inertes
949 514 1181 579 submovissent.
1197 519 1291 601 prius,
1306 520 1354 583 in-

309 590 439 673 ‘quam‚
455 591 489 654 P.
499 592 680 677 Sempronio
694 616 750 678 per
765 596 877 658 civium
894 618 1015 680 agmen,
1032 620 1124 682 quam
1138 623 1193 686 per
1207 606 1353 685 hostium,

310 678 395 739 ‘mit
409 681 639 762 erumpendum.
683 679 751 744 Hos
764 684 845 745 cives
865 685 967 766 patria
988 686 1159 751 desideret?
1184 711 1310 771 quorum
1327 694 1353 756 si

298 764 430 827 “ceteri
445 766 557 827 similas
568 766 707 846 luissent,
715 770 869 831 neminem
888 770 979 833 lrodia
997 793 1036 834 cx
1053 774 1102 853 iis,
1118 776 1168 857 qui
1180 779 1220 840 ad
1231 776 1352 841 Cannas

309 850 660 935 ‘pugnaverunt,civem
669 854 806 918 haberet.
841 850 1027 945 &millibus
1037 872 1155 942 septem
1167 876 1353 927 amiatomm
1370 874 1405 951 g·

310 937 470 1000 ‘sexcenti
484 940 674 1017 exstiterunt,
695 942 747 1023 qui
765 962 922 1025 erumpere
936 945 1092 1026 auderent,
1108 948 1159 1031 qui
1178 950 1208 1010 in
1221 951 1353 1033 patriam
1398 943 1407 953 ⁴

296 1024 321 1056 '‘
335 1023 423 1086 liberi
445 1036 535 1109 atque
549 1027 658 1089 armati
680 1026 835 1090 redirent:
859 1049 956 1112 neque
979 1032 1015 1093 iis
1037 1034 1240 1117 quadraginta
1258 1038 1355 1099 millia

309 1109 321 1143 ‘
336 1108 469 1172 hostium
478 1112 635 1175 obstitere.
665 1113 765 1185 Quam
777 1125 877 1177 tutum
886 1116 945 1177 iter
955 1117 1081 1180 duarum
1092 1141 1188 1203 prope
1197 1122 1351 1204 legionum

309 1196 321 1230 ‘
336 1198 451 1278 agmini
461 1199 596 1260 futurum
608 1201 736 1262 censetis
751 1199 865 1263 fuisse?
883 1200 1046 1266 Haberetis
1057 1206 1149 1267 hodie
1161 1207 1269 1289 viginti
1281 1210 1351 1271 mil-

294 1282 321 1315 “
335 1281 376 1343 lia
384 1296 570 1347 armatorum
575 1284 712 1364 Canusii,
721 1286 824 1365 sortia,
833 1287 965 1361 fidelia,x
974 1288 1077 1353 Patres
1087 1294 1261 1375 conscripti.
1269 1316 1351 1357 nunc

308 1368 320 1402 ‘
334 1380 436 1432 autem
448 1372 706 1454 quemadmodum
720 1373 753 1434 hi
768 1373 841 1435 boni
856 1373 1020 1457 fidelesque
1038 1376 1122 1456 (nam
1137 1379 1232 1441 sortes
1243 1400 1282 1441 ne
1291 1381 1348 1464 ipsi

309 1455 455 1541 ‘quidem
467 1458 611 1538 dixerint)
626 1460 707 1521 cives
719 1480 784 1522 esse
799 1462 944 1543 possunt?
963 1465 988 1501 ¹²
999 1464 1056 1525 nisi
1071 1465 1138 1545 quis
1147 1466 1268 1528 credere
1278 1478 1351 1549 pot·

292 1546 295 1550 ’
308 1543 319 1576 ‘
334 1554 381 1607 est
390 1544 492 1624 tuisse,
503 1556 536 1609 ut
545 1546 783 1629 erumpentibus,
795 1547 866 1628 quin
878 1563 1083 1632 erumperent,
1093 1552 1237 1614 obsistere
1246 1556 1350 1617 conati

308 1632 319 1666 ‘
334 1643 406 1695 sunt
415 1621 490 1728 :faust
500 1653 563 1694 uon
574 1632 708 1695 invidere
718 1654 781 1711 eos,
794 1653 886 1715 quum
895 1634 1110 1715 incolumitati,
1121 1649 1187 1699 tum
1199 1640 1301 1720 gloria
1312 1638 1350 1701 il·

306 1719 319 1756 ⁴
333 1719 430 1783 lomm
450 1742 504 1804 per
515 1721 656 1783 virtutem
671 1732 776 1803 partae,
788 1740 880 1802 quum
903 1721 959 1783 sibi
971 1723 1113 1784 timorem
1135 1725 1349 1808 ignaviamque

287 1805 483 1870 “servitutis
494 1808 703 1890 ignominiosa
724 1828 863 1870 caussam
885 1828 952 1871 esse
974 1810 1082 1871 sciant.
1126 1808 1304 1873 Maluemnt
1317 1813 1347 1874 in

306 1892 318 1926 ‘
333 1895 471 1967 tentoriis
480 1894 609 1957 latentes
618 1894 707 1956 simul
716 1896 815 1957 lucem
826 1905 915 1979 atque
926 1896 1046 1957 hostem
1056 1908 1243 1978 exspectare,
1255 1918 1347 1977 quum

305 1979 452 2045 ‘silentio
462 1982 564 2043 noctis
578 1982 755 2063 erumpendi
768 1982 889 2043 occasio
912 1994 1002 2043 esset.
1044 1982 1088 2044 At
1103 1983 1183 2043 enim
1194 1982 1233 2043 ad
1244 2004 1346 2045 erum-

305 2068 464 2151 ‘peadum
480 2088 497 2129 e
512 2068 618 2151 castris
634 2067 731 2129 defuit
745 2068 884 2145 animus3
908 2068 946 2129 ad
962 2068 1089 2129 uitanda
1108 2068 1227 2131 fortiter
1247 2082 1348 2132 castra

305 2155 317 2187 ‘
332 2156 467 2216 animum
478 2154 659 2216 habuerunt.
703 2152 779 2215 Dies
794 2164 959 2237 noctesque
974 2154 1089 2237 aliquot
1099 2154 1224 2233 obsessi,
1235 2156 1347 2218 vallum

305 2240 318 2273 ‘
332 2242 434 2318 armis,
443 2261 476 2301 se
488 2241 546 2323 ipsi
555 2241 648 2303 tutati
662 2240 742 2301 vallo
753 2252 842 2302 sunt:
858 2241 984 2302 tandem
999 2236 1108 2302 ultima
1119 2240 1183 2303 ausi
1196 2241 1349 2324 passique,

305 2327 317 2361 ‘
331 2348 423 2411 quum
435 2327 539 2388 omnia
549 2326 684 2387 subsidia
694 2328 766 2389 vitae
778 2327 930 2405 abessent,
940 2326 1125 2412 adfectisque
1135 2327 1217 2388 lame
1225 2328 1349 2408 viribus,

288 2412 318 2448 '‘
331 2435 416 2475 arma
422 2412 489 2496 jam
499 2414 646 2476 sustinere
656 2414 827 2497 nequirent,
845 2413 1077 2475 necessitatibus
1088 2414 1186 2495 magis
1198 2414 1348 2493 humanis,

306 2501 318 2535 ‘
332 2521 423 2584 quam
437 2501 538 2578 umis,
552 2498 625 2561 victi
634 2511 714 2562 sunt.
757 2499 836 2561 Orto
846 2500 910 2561 sole
921 2499 1018 2563 hostis
1030 2500 1070 2561 ad
1081 2501 1192 2562 vallum
1202 2501 1349 2563 occessit:

306 2587 403 2651 ‘ante
414 2587 580 2650 secundam
591 2587 710 2665 horam,
725 2585 842 2648 nullam
857 2586 1010 2648 fortunam
1025 2586 1200 2650 certaminis
1221 2587 1350 2670 experti,

307 2674 318 2707 ‘
332 2675 503 2737 tradiderat
510 2693 595 2735 arma
609 2693 646 2734 ac
660 2694 693 2735 se
705 2673 798 2755 ipsos.
834 2671 1003 2736 Haecvobis
1012 2673 1146 2756 ipsoram
1156 2694 1211 2756 per
1223 2674 1348 2736 biduum

306 2761 318 2795 ‘
332 2761 443 2824 militia
453 2760 521 2824 luit.
534 2781 626 2842 quum
638 2760 671 2821 in
683 2759 749 2820 acie
763 2771 844 2821 stare
865 2779 901 2821 ac
917 2779 1052 2844 pugnare
1067 2761 1222 2838 decuerat,
1237 2772 1302 2822 tum
1314 2761 1348 2822 in

306 2849 432 2909 ‘castra
454 2846 647 2929 relugemnt:
664 2866 757 2927 quum
778 2867 834 2929 pro
848 2846 929 2908 vallo
944 2847 1142 2929 pugnandum
1159 2857 1234 2924 erat,
1250 2861 1349 2908 castra

288 2945 293 2955 '
307 2935 318 2968 ‘
332 2934 533 3012 tradiderunt,
547 2953 646 3014 neque
657 2932 689 2994 in
699 2933 765 2993 acie
777 2951 876 3014 neque
889 2932 919 2992 in
932 2933 1040 2994 castris
1050 2933 1153 2995 utiles.
1189 2929 1253 2994 Vos
1265 2932 1347 2994 redi-

306 3023 317 3056 ‘
332 3020 437 3083 mam?
454 3041 545 3102 quum
556 3039 713 3101 erumpere
724 3019 832 3082 castris
844 3030 978 3101 oportet,
993 3019 1179 3081 cunctamini
1195 3040 1231 3080 ac
1243 3039 1348 3081 mane-

306 3109 317 3141 ‘
332 3108 391 3170 tis:
408 3109 433 3146 ¹³
443 3127 536 3188 quum
548 3125 680 3184 manere,
692 3114 815 3168 castrat
824 3105 914 3166 tutari
928 3106 1019 3167 armis
1029 3125 1153 3167 necesse
1162 3117 1228 3183 cst;
1241 3115 1348 3168 etcas-

307 3194 318 3229 ‘
332 3205 382 3256 tra
396 3205 428 3256 et
442 3215 527 3255 arma
538 3205 571 3255 et
581 3213 634 3254 vos
645 3192 728 3272 ipsos
740 3190 861 3253 traditis
876 3191 967 3252 hosti.
1010 3189 1078 3273 Ego
1090 3213 1150 3253 non
1163 3193 1261 3273 magis
1272 3193 1347 3253 istos

307 3281 318 3315 ‘
333 3281 536 3358 redimendos,
548 3277 652 3340 Patres
667 3277 843 3360 conscripti,
858 3297 979 3356 censeo,
995 3297 1087 3358 quom
1108 3277 1174 3339 illos
1192 3277 1347 3340 dedendos

307 3366 319 3400 ‘
333 3365 511 3442 Hannibali,
523 3365 574 3445 qui
585 3385 640 3446 per
654 3363 772 3424 medios
784 3364 887 3425 hostes
900 3383 918 3424 e
929 3364 1036 3426 castris
1051 3373 1222 3446 eruperunt,
1241 3383 1277 3424 ac
1294 3383 1348 3445 per

307 3452 318 3486 ‘
333 3470 483 3511 summam
493 3451 637 3511 virtutem
651 3469 684 3509 se
699 3447 805 3530 patriae
819 3449 1025 3513 restituerunt.

141 3545 240 3596 Senatus
311 3583 316 3593 ,
352 3533 436 3600 LXl.
459 3534 623 3617 Postquam
647 3532 783 3596 Manlius
807 3534 895 3614 dixit,
917 3555 1100 3619 quamquam
1124 3533 1247 3598 Patr-um
1271 3557 1347 3618 quo·

142 3624 221 3690 ΕΜ
231 3627 283 3678 up·
307 3645 366 3708 que
380 3624 539 3708 plerosque
553 3621 664 3705 captivi
680 3622 864 3703 cogitatione
887 3621 1098 3704 adtingebant,
1122 3633 1230 3705 praeter
1243 3643 1348 3685 exem·

84 3708 89 3714 ’
140 3688 263 3792 {¹:⁸22
307 3711 392 3797 plum
407 3709 537 3774 eivimtis
552 3708 678 3770 minime
691 3708 724 3768 in
738 3707 876 3791 captivos
887 3707 953 3790 jam
969 3708 1041 3770 inde
1057 3709 1225 3790 mitiquitus
1247 3709 1348 3770 indul·

139 3809 243 3860 mmor.
306 3800 416 3881 gentis,
441 3796 576 3883 pecunia
601 3813 721 3876 quoque
746 3813 867 3857 summa
890 3795 1029 3856 homines
1054 3795 1168 3857 movit:
1196 3796 1267 3876 quia
1290 3815 1348 3856 uec

306 3887 442 3950 amium
457 3875 626 3961 exhaurire,
648 3901 762 3962 magna
779 3879 846 3963 jam
861 3901 980 3943 summa
1001 3893 1129 3962 erogata
1144 3882 1175 3943 in
1190 3903 1292 3944 servos
1308 3881 1349 3942 ad

447 4027 843 4101 ¹sortiun,fidelim,Doer.Rup.
985 4029 1194 4080 tamamGron.

337 4167 359 4202 ¹¹
373 4165 424 4215 Ναί
439 4170 488 4230 quis
501 4167 588 4217 eadm
599 4172 666 4228 putat
673 4163 796 4231 siderant
840 4161 936 4210 &urm
943 4163 1014 4209 wacta·
1023 4169 1076 4210 auat
1091 4157 1250 4220 mouendum
1263 4152 1350 4204 elutus

289 4229 364 4280 ‘Hac
373 4231 442 4296 paule
457 4231 595 4282 ursana:
613 4241 676 4279 sunt.
695 4228 732 4276 181
751 4227 799 4275 ain·
840 4226 960 4287 saiaqm'a
968 4233 1114 4288 campumt.

303 4295 381 4345 tuendi
397 4296 482 4354 wlleus.
501 4312 589 4361 expone
605 4311 659 4344 cum
674 4293 808 4341 Gronovioz
874 4291 894 4325 ¹⁸
911 4288 986 4343 Quum
999 4297 1177 4351 nmmum
1187 4285 1270 4350 taturi]
1282 4285 1347 4334 lliuo

303 4360 356 4410 Nisi
366 4362 414 4424 qais
427 4361 513 4408 nedae
526 4369 595 4422 pnes
605 4360 679 4424 suas
687 4373 728 4407 eos
738 4359 811 4406 boam
841 4369 932 4418 quoque
942 4356 1052 4419 ejecimus
1069 4353 1204 4420 particulam
1215 4360 1246 4411 st,
1255 4362 1348 4402 auctum

302 4425 425 4491 masos
445 4425 514 4484 cira,
533 4433 571 4488 st,
593 4425 810 4488 limpouqcsm
842 4420 896 4472 Pru.
907 4420 994 4471 cadica
