3092 5200
470 403 548 466 om.
569 391 697 467 xxvu.
717 401 801 467 one.
815 407 908 469 xm.
1141 407 1199 472 aas

147 571 225 640 equo
238 555 360 641 publico
375 571 566 622 emeruerant
573 567 598 638 ⁰,
622 559 676 622 sed
697 559 778 622 dena
797 559 953 643 stipendia
967 559 1053 642 equis
1068 562 1194 644 privatis
1206 575 1241 627 U.
1252 576 1282 629 c.
1294 581 1351 630 aaa.

145 641 291 707 facerent.
334 642 485 728 Magnum
511 657 660 728 praterea
682 666 844 708 numemm
870 666 975 708 eorum
1001 641 1347 731 conquinae-Mb·

149 741 231 809 runt,
247 732 296 812 qui
310 751 389 814 equo
403 753 518 794 merere
541 732 703 795 deberent:
732 745 826 813 atque
845 753 885 794 ex
903 732 952 810 iia,
972 733 1024 814 qui
1044 733 1201 816 principio·

145 811 210 896 ejus
230 815 301 879 belli
323 818 539 900 septemdecim
561 817 657 881 annos
677 819 742 880 nati
764 817 897 896 fuerant,
922 837 1020 899 neque
1042 819 1193 882 militave-
1304 847 1307 854 ·

145 913 225 980 rant,
241 921 347 966 omnes
362 905 518 966 “orarios
533 904 682 984 lecerunt,
720 901 912 966 hocaveruot
925 903 999 966 inde
1015 903 1192 985 reficienda,

146 1005 212 1067 quse
226 989 309 1050 eirca
323 989 421 1052 lomm
443 991 761 1056 incendio-consumta
775 1003 875 1070 erant,
894 1001 1013 1074 septem
1037 991 1193 1070 tabernas,

145 1073 315 1152 macellum,
330 1078 357 1116 ⁸⁸
368 1075 478 1139 atrium
495 1077 623 1160 regium.
858 1107 862 1113 ’

187 1157 261 1222 Xll.
281 1159 458 1224 'lhansactia
472 1164 623 1242 omnibus,
648 1183 715 1246 quae
734 1162 842 1227 &ma
864 1163 986 1246 agenda
1005 1174 1103 1243 erant,
1118 1183 1194 1226 con·

144 1243 223 1306 aulea
238 1244 278 1308 ad
293 1245 404 1310 bellum
418 1249 565 1331 prosecta
603 1249 687 1312 Prior
702 1246 823 1312 Fulvius
843 1260 1023 1332 praegressus
1043 1249 1195 1334 Capuam.

144 1329 219 1394 Post
233 1349 346 1414 paucos
361 1333 427 1397 dieu
443 1335 623 1398 consecutus
637 1334 769 1414 Fabius3
795 1337 847 1418 qui
869 1347 903 1397 et
918 1336 1068 1418 collegam
1089 1355 1194 1398 coram

145 1417 325 1497 obtestatum,
340 1429 373 1483 et
409 1441 441 1482 er
456 1420 559 1484 literas
579 1418 776 1502 Marcellum,
801 1433 949 1503 utquam
964 1417 1114 1484 acerrimo
1127 1423 1195 1483 bel-

145 1502 177 1592 lo
193 1503 366 1577 detineret(
422 1507 605 1586 annibalem,
625 1507 698 1568 dum
719 1509 785 1590 ipae
798 1505 969 1570 Tarentum
984 1509 1192 1591 obpugnaret:
1205 1521 1288 1572 Fabios
1298 1535 1347 1574 es.

145 1609 184 1652 ea
196 1589 273 1652 urbe
295 1589 419 1654 ademta
438 1594 520 1657 hosti
539 1591 607 1675 jam
627 1593 762 1675 undique
783 1593 882 1677 pulao,
901 1615 959 1656 nec
977 1594 1030 1656 ubi
1044 1595 1193 1657 consiste·
1205 1588 1349 1638 ruarmo.

146 1687 203 1754 rat,
218 1679 245 1716 ⁸⁰
255 1695 312 1739 neo
325 1677 399 1759 quid
412 1678 509 1742 fidum
524 1679 688 1762 respiceret
710 1679 848 1757 habenti,
869 1697 910 1740 ne
930 1681 1102 1743 remorandi
1125 1681 1193 1764 qui·
1206 1655 1364 1769 {gam-

145 1761 217 1823 dem
232 1781 370 1826 caussam
385 1764 417 1826 in
433 1762 524 1828 ltalia
537 1764 610 1828 lore.
655 1763 809 1846 Rhegium
832 1764 927 1828 susm
949 1767 1096 1828 nuncium
1120 1769 1194 1829 mit·

145 1847 247 1929 tit'ad
269 1848 444 1930 prefectum
469 1851 612 1934 praesidii,
635 1850 718 1932 quod
738 1851 779 1911 ab
799 1847 922 1913 lemno
946 1851 1069 1914 consule
1088 1853 1195 1915 adver·

146 1953 198 1995 aus
211 1931 350 1998 Bruttios
364 1935 407 1997 ibi
423 1935 558 1999 locatum
581 1947 657 2014 erat,
681 1938 708 1982 ⁸⁷
717 1946 790 1998 octo
806 1936 905 1998 millio
915 1936 1102 2000 ¹hominum:
1125 1957 1196 2022 pam

145 2020 282 2082 maxima
306 2021 345 2084 ab
370 2021 550 2108 Agathyrna
576 2021 669 2102 (sicut
690 2033 783 2084 antea
806 2022 924 2085 dictum
945 2023 1004 2103 est)
1029 2045 1068 2086 ex
1091 2021 1198 2087 Sicilia

18 2159 20 2164 .
144 2097 297 2184 traducta,
322 2118 411 2189 rapto
433 2107 718 2170 vivera‘hominum
749 2107 955 2171 adunatorum.
982 2109 1079 2171 additi
1108 2119 1198 2173 erant

146 2188 335 2254 Bruttiorum
358 2193 386 2232 ⁸⁰
396 2192 532 2258 indidem
545 2194 689 2276 perfuga,
704 2202 737 2256 et
752 2195 883 2256 audacia
896 2205 929 2257 et
943 2194 1076 2256 audendi
1091 2198 1199 2258 omnia

145 2269 383 2342 necessitatibus
399 2299 499 2364 pares.
543 2277 635 2342 Hanc
658 2299 785 2341 manum
810 2280 851 2341 ad
876 2277 1030 2342 Bruttium
1060 2282 1198 2363 primum

146 2383 253 2446 agrum
268 2364 515 2448 depopulandum
532 2365 600 2428 duci
613 2363 715 2448 jusait,
740 2364 813 2426 inde
827 2366 868 2427 ad
891 2363 1072 2428 Cauloniam
1086 2368 1196 2428 urbem

146 2449 396 2532 obpugnandam.
441 2451 596 2534 lmperata
609 2471 671 2512 non
687 2450 806 2533 inpigre
820 2451 931 2528 solnm,
951 2451 1114 2513 sedetiam
1130 2453 1198 2513 avi-⁵

148 2535 198 2615 de,
218 2537 364 2616 exsecuti,
387 2537 515 2621 direptis
540 2537 714 2621 fugatisque
737 2537 905 2600 cultoribus
927 2537 1003 2619 agri,
1025 2543 1145 2601 summa
1166 2537 1197 2600 vi

145 2624 251 2704 urbem
273 2624 502 2709 obpugnabant.
546 2622 722 2702 Marcellus,
744 2638 777 2687 et
798 2624 932 2687 consulis
954 2623 1048 2685 literis
1068 2626 1197 2704 excitus,
1210 2642 1336 2697 mmmm

147 2719 181 2773 at
195 2710 268 2791 quia
285 2710 331 2773 ita
352 2712 383 2773 in
407 2712 544 2775 animum
568 2710 741 2789 induxerat,
765 2710 921 2772 neminem
945 2710 1055 2772 ducem
1079 2709 1328 2786 Roma-utau-

147 2792 221 2859 num
245 2810 310 2859 tam
331 2818 437 2880 parem
461 2796 641 2875 Hannibali,
657 2816 750 2879 quarn
773 2816 817 2874 ae,
838 2817 915 2873 eoae,
936 2796 989 2858 ubi
1012 2796 1144 2879 primum
1164 2777 1351 2888 inffiffl'

148 2880 780 3031 muhammath
796 2881 1291 3031 attuarii
1339 2900 1357 2943 ²

147 3050 270 3115 Poenus.
291 3066 439 3133 ceterum,
461 3066 498 3118 ut
518 3053 758 3137 adpropinquare
779 3050 962 3115 Marcellum
983 3053 1108 3130 audivit,
1126 3074 1195 3116 caa-
1208 3065 1308 3117 Rsoeds

147 3148 198 3202 tra
221 3138 293 3201 inde
315 3140 422 3203 mouit.
465 3139 583 3223 Aperta
596 3150 664 3200 erat
678 3138 773 3219 regio,
789 3137 855 3199 aine
870 3137 939 3198 ullis
955 3137 995 3199 ad
1010 3135 1134 3201 insidias
1149 3139 1195 3202 la·
1207 3131 1335 3196 nemim,
1364 3195 1369 3205 .

148 3224 264 3303 tebris3
289 3226 392 3307 itaque
407 3226 438 3288 in
454 3227 522 3289 loca
537 3225 671 3287 saltuosa
689 3223 799 3286 cedere
815 3222 887 3285 inde
911 3224 1016 3305 coepit.
1060 3221 1194 3288 Marcel·
1206 3209 1330 3311 mu}

147 3310 194 3373 lue
209 3311 344 3393 vestigiis
360 3312 505 3391 instabat,
520 3321 680 3393 castraque
694 3309 803 3372 castris
821 3308 1018 3373 conferebat:
1043 3320 1086 3388 et,
1101 3331 1195 3394 opere

145 3395 293 3481 perlecto,
309 3397 464 3481 extemplo
488 3398 520 3460 in
543 3398 641 3460 aciem
662 3396 798 3479 legiones
821 3395 981 3459 educebat.
1025 3393 1193 3479 Hannibal,

146 3483 306 3545 tumratim
327 3504 382 3567 per
400 3485 516 3569 equites
535 3482 733 3567 peditumque
747 3480 933 3565 jaculatores
952 3482 1030 3544 levia
1049 3486 1194 3546 certami-

146 3589 188 3631 na
201 3590 315 3648 serens,
329 3590 434 3632 casum
454 3572 597 3633 mriveraae
614 3588 724 3651 pugna
746 3588 808 3631 non
827 3569 1032 3631 necesaarium
1052 3570 1194 3633 ducebat.

145 3665 259 3719 tracuus
275 3667 440 3720 esttamen
458 3657 498 3719 ad
518 3656 561 3734 id,
585 3654 668 3739 quod
688 3653 819 3735 vitabat,
840 3665 1006 3718 certamen.
1051 3652 1191 3719 ”Nocte

370 3787 512 3831 meruerant
524 3778 600 3831 Gran.
748 3775 758 3812 ¹
765 3780 886 3831 dehent
896 3775 959 3846 llup.

147 3876 179 3924 do
194 3876 315 3928 dun-lmen
335 3876 427 3941 aliquod
444 3880 514 3928 statui
535 3878 653 3937 rideretur
715 3873 817 3924 U'Nse
871 3878 876 3889 '
911 3875 988 3939 fidum
1014 3876 1127 3938 νομίσω
1147 3877 1191 3926 he·

147 3940 211 3990 luter
221 3956 260 3990 eos
269 3944 309 4005 qul
319 3956 380 4007 equo
389 3942 488 4007 publico,
497 3955 521 3994 et
536 3942 575 4008 qul
592 3954 653 4007 equo
683 3937 754 4002 tosa]
771 3940 824 3990 Nec
866 3952 1005 4003 marengo
1014 3952 1122 3990 tutumve
1135 3956 1192 4006 per·

148 4005 236 4069 priuato
254 4008 397 4067 militauerat,
407 4023 488 4071 :quum
510 4011 540 4059 ds
557 4009 584 4057 iis
601 4007 654 4056 solia
684 4006 773 4067 fugium
783 4004 887 4066 habenti,
899 4020 979 4069 quoae
990 4005 1110 4069 nepam

148 4071 315 4135 sitseruroqui
329 4086 414 4135 equum
432 4074 551 4137 publicum
567 4074 655 4120 habue-
715 4066 802 4117 “ono
820 4072 892 4118 saillis
913 4071 1023 4117 laurinum
1041 4103 1047 4118 .
1126 4078 1193 4131 rupto

149 4136 655 4250 pghpnppssmmmmnmr
685 4133 1190 4247 dammim

181 4262 313 4314 ⁰*AErurlus
325 4264 445 4331 sanant]
471 4262 533 4319 Quid
550 4268 582 4315 sit
599 4282 654 4315 eru·
686 4265 762 4313 detur.
946 4233 955 4262 '

149 4328 209 4375 rium
218 4328 306 4395 seuere,
318 4334 463 4394 exposuimus
476 4332 563 4380 innota
576 4333 614 4381 25.
627 4330 655 4378 ad
717 4325 886 4387 wlmaro]
908 4326 943 4374 Ea
958 4324 1002 4375 bac
1018 4326 1069 4389 ipsa
1084 4326 1188 4387 regione,

151 4390 170 4441 l.
183 4395 301 4443 smalh
685 4394 709 4443 iu
729 4408 773 4457 qua
792 4391 908 4452 Rhegium
927 4401 984 4439 erat.
1015 4390 1107 4453 Nempe
1125 4390 1189 4437 llbe-

181 4456 301 4506 “Asnam
312 4458 410 4527 reputa]
424 4458 482 4513 Vra.
499 4470 549 4513 aot.
568 4462 609 4513 46.
625 4460 653 4510 ad
685 4459 747 4522 glum
758 4456 828 4505 sitam
839 4456 922 4505 eratin
932 4470 986 4517 agro
997 4455 1148 4503 Bruttiorum.

147 4521 167 4571 1.
178 4534 253 4573 arur.
265 4526 324 4573 ot?
427 4539 432 4549 ·
717 4520 968 4587 choaspem
977 4519 1108 4585 sequeitur]
1122 4518 1189 4580 sigo·

192 4608 266 4658 VOL·
288 4608 329 4659 11.
725 4611 743 4653 c
758 4611 776 4652 c
