3092 5200
471 372 548 435 LlB.
560 370 677 435 xxm.
696 372 779 437 csl’.
789 374 900 437 XXIV.
1163 384 1218 440 165

175 530 187 565 ‘
202 530 310 593 iterum
324 550 332 591 t
348 549 406 593 nec
416 528 571 609 dictatori,
589 530 647 593 uisi
662 530 707 593 rei
720 530 976 613 gerendaecsussa
989 544 1103 613 creato,
1118 532 1149 597 in
1164 556 1217 598 sex
1233 548 1263 598 υ.
1274 550 1304 599 e.
1315 552 1371 601 sss.

176 618 188 652 ‘
204 638 322 680 menses
337 618 442 679 datum
472 617 643 701 imperium.
662 618 768 689 ”Qua
783 619 976 682 inmoderata
991 620 1072 698 lore,
1097 632 1218 705 tempus
1233 617 1262 666 A.
1273 616 1303 664 ⁰·
1313 616 1369 666 216.

175 705 238 767 ‘ac
248 704 413 766 necessitas
426 704 565 783 fecerint,
580 704 617 766 iis
631 726 665 765 se
677 705 804 767 modum
814 706 1024 788 inpositurum.
1033 726 1105 769 narn
1120 728 1218 790 neque

175 792 310 853 ‘senatu
325 810 508 873 quemquam
530 803 683 853 moturum
704 812 745 854 ex
769 792 817 871 iis,
843 812 918 874 quos
933 790 969 854 O.
993 790 1168 873 Flaminius,
1184 794 1219 857 b.

174 876 343 941 ‘AEmilius
357 897 498 941 censores
515 878 550 940 in
568 890 708 942 senatum
723 878 887 960 legissent:
911 878 1070 942 transcribi
1099 892 1220 943 tanturn

175 965 378 1047 ‘recitarique
387 964 625 1049 eosjussurum3
642 985 680 1028 nc
695 985 788 1049 penes
804 986 897 1029 unum
909 967 1065 1029 hominem
1069 965 1221 1049 judicium

176 1052 187 1085 ‘
202 1051 420 1134 arbitriumque
434 1051 474 1114 de
488 1052 572 1115 sams
585 1072 622 1114 ac
636 1053 771 1115 moribus
786 1054 935 1116 senatoris
949 1054 1039 1115 fuerit
1047 1076 1058 1131 3
1089 1054 1174 1133 etita
1188 1056 1220 1117 in

176 1140 187 1173 ‘
202 1138 429 1201 demortuorum
443 1138 544 1201 locum
560 1139 774 1217 sublecturum,
790 1151 826 1203 ut
839 1141 916 1203 ordo
931 1140 1040 1220 ordini,
1052 1161 1114 1203 non
1126 1141 1220 1207 homo

175 1226 318 1288 ‘homini
344 1226 485 1310 praelatus
514 1225 687 1289 videretur.¹
721 1225 867 1289 Recituto
881 1239 982 1290 vetere
1006 1238 1125 1306 senatu,
1149 1228 1220 1291 ind'e

176 1312 290 1395 primos
311 1314 343 1375 in
368 1313 596 1376 demortuorum
610 1314 713 1375 locum
724 1313 810 1397 legit,
827 1314 910 1396 ¹’qui
925 1325 997 1396 post
1010 1311 1044 1377 b.
1059 1312 1219 1377 AEmilium
1243 1378 1246 1385 ,

175 1409 209 1461 et
233 1399 269 1460 0.
288 1398 471 1462 Flaminium
495 1420 633 1462 censores
656 1399 789 1463 curulem
816 1402 1028 1483 magistratum
1058 1402 1220 1485 cepissent,
1254 1434 1267 1461 s

174 1486 306 1548 necdum
322 1487 353 1549 in
368 1498 507 1549 senatum
521 1487 594 1549 lecti
605 1499 728 1564 essent3
749 1490 817 1548 ¹⁸ut
829 1488 956 1568 quisque
971 1508 1077 1550 eorum
1105 1488 1220 1571 prim'us

176 1584 296 1636 creatus
319 1583 405 1635 erut:
429 1585 495 1635 tum
511 1574 596 1655 legit,
617 1573 669 1655 qui
684 1572 796 1653 aediles,
821 1574 933 1636 tribuni
959 1575 1072 1657 plebei,
1090 1564 1220 1657 quoest'u-

175 1679 259 1721 resve
273 1659 413 1722 merant:
432 1668 500 1721 ‘tum
529 1681 569 1722 ex
597 1658 645 1738 iis,
668 1658 719 1741 qui
741 1660 935 1741 magistratus
958 1660 1042 1723 non¹¹
1056 1662 1221 1745 cepissent,

178 1746 260 1829 ¹⁴qui
270 1746 369 1828 spolia
381 1766 420 1808 ex
432 1745 686 1809 hoste'l'rxsdomi
695 1745 854 1825 heberent,
866 1758 919 1808 sut
933 1746 1060 1809 civicam
1075 1768 1220 1831 coronam

175 1832 375 1914 accepissent
398 1831 456 1911 lta,
472 1843 596 1895 eentum
611 1832 806 1915 septuaginta
819 1842 936 1915 septem
946 1852 1016 1894 cum
1031 1834 1149 1915 ingenti
1165 1836 1221 1897 ad-

176 1920 357 2002 probatione
371 1918 531 1981 hominum
555 1920 586 1981 in
602 1932 741 1981 senatum
756 1918 855 1995 lectis,
880 1919 1036 2002 extemplo
1060 1940 1092 1981 se
1108 1922 1221 2002 magis-

176 2016 258 2068 tratu
272 2005 435 2085 abdicavit,
450 2006 644 2090 privatumque
669 2006 708 2067 de
723 2005 842 2068 Rostris
868 2003 1037 2083 descendit,
1064 2006 1222 2069 lictoribus

176 2092 258 2154 ubire
281 2091 385 2175 jussis.
411 2093 567 2175 turbaque
590 2105 624 2153 se
647 2093 803 2156 inmiscuit
823 2092 956 2174 privatas
983 2092 1139 2175 agentium
1163 2114 1221 2172 res,

175 2190 295 2261 tempus
307 2179 367 2241 hoc
394 2178 502 2240 sedulo
516 2190 629 2256 terens,
644 2199 684 2240 ne
695 2178 866 2241 deducendi
881 2179 927 2240 sui
942 2198 1049 2240 caussa
1074 2179 1220 2261 populum

176 2265 215 2328 de
230 2264 298 2327 loro
313 2265 478 2329 abduceret
493 2287 502 2325 s
532 2286 630 2346 neque
646 2276 749 2329 tamen
764 2265 902 2346 elanguit
922 2284 996 2326 cura
1010 2265 1169 2327 hominum
1185 2287 1221 2327 ea

175 2372 272 2431 mora,
287 2351 521 2434 frequentesque
545 2372 614 2414 eum
630 2351 754 2413 domum
770 2351 973 2413 deduxerunt.
1001 2349 1113 2413 Consul
1129 2362 1224 2413 nocte*

176 2439 345 2519 insequenti
361 2438 400 2500 sd
416 2440 582 2501 exercitum
600 2437 700 2517 rediit,
716 2460 779 2500 non
794 2437 878 2501 lacto
891 2436 1021 2499 certiore
1046 2448 1171 2516 senatu,¹
1182 2457 1221 2500 ne

176 2525 368 2587 comitiorum
383 2546 490 2587 caussa
505 2527 537 2587 in
553 2526 627 2588 urbe
642 2525 832 2587 retineretur.

216 2609 335 2676 XXW.
359 2612 483 2677 Postero
517 2614 568 2675 die
604 2612 760 2674 consultus
788 2609 884 2675 s’M’.
904 2610 1074 2696 Pomponio
1093 2623 1221 2696 praetore

176 2711 298 2762 senatus
329 2700 472 2777 decrevit,
502 2700 646 2762 dictatori
669 2698 876 2777 scribendum,
898 2699 954 2777 uti,
971 2699 1002 2760 si
1024 2719 1042 2760 e
1066 2699 1222 2782 republica

175 2799 312 2849 censeret
338 2808 415 2865 esse,
445 2787 487 2849 ad
500 2787 639 2848 consules
654 2785 864 2868 subrogandos
880 2785 997 2848 veniret
1011 2805 1081 2847 cum
1106 2786 1221 2868 megis-

174 2885 223 2935 tro
237 2874 372 2954 equitum
402 2884 436 2936 et
459 2874 587 2955 prabore
601 2871 650 2933 M.
665 2871 826 2949 Marcello,
852 2882 887 2932 ut
911 2891 950 2933 ex
970 2871 1007 2932 iis
1025 2873 1222 2955 presentibus

174 2979 299 3022 noscere
314 2958 419 3023 Patres
441 2971 576 3041 possent,
592 2979 654 3040 quo
668 2970 751 3021 statu
767 2957 939 3042 respublica
961 2967 1052 3035 esset,
1079 2957 1221 3021 consilis·

174 3066 233 3127 que
248 3066 288 3107 ex
302 3046 390 3108 rebus
418 3058 575 3128 cuperent.
608 3043 680 3113 ,Qui
700 3044 797 3105 adciti
813 3055 910 3121 erent,
937 3063 1043 3104 omnes
1064 3055 1221 3121 venerunt,

176 3131 289 3193 relictis
314 3131 435 3214 legatis,
458 3131 509 3212 qui
536 3129 705 3210 legionibus
731 3140 903 3212 praeessent.
946 3127 1101 3206 Dictator,
1129 3130 1167 3191 de
1190 3151 1222 3190 se

174 3237 274 3300 pauca
288 3237 324 3278 ac
352 3216 474 3278 modice
499 3215 629 3292 locutus,
653 3215 685 3276 in
711 3215 889 3294 magistrum
904 3213 1052 3295 equiturn,
1066 3211 1116 3276 Ti.
1133 3211 1222 3275 Sem-

175 3305 317 3388 pronium
340 3300 524 3380 Gracchum,
549 3321 694 3383 magnam
718 3313 837 3382 partem
869 3299 973 3382 gloriae
986 3300 1099 3377 vertit3
1123 3300 1221 3362 corni·

176 3391 280 3472 tiaque
295 3389 405 3468 edixit,
432 3388 539 3470 quibus
554 3386 590 3451 Is
606 3387 777 3450 Postumius
793 3386 916 3449 tertium
933 3387 1051 3464 absens,
1074 3386 1125 3467 qul
1156 3398 1221 3449 tum

173 3475 307 3539 Galliam
337 3475 526 3560 provinciam
563 3473 732 3552 obtinebat,
770 3485 802 3534 ct
823 3469 874 3534 Ti.
898 3470 1097 3556 Sempronius
1125 3469 1222 3534 Grac·

174 3565 258 3643 chus,
281 3563 332 3646 qui
370 3575 437 3624 tum
474 3561 619 3644 magister
640 3559 777 3642 equitum
803 3563 870 3623 ²⁵et
884 3559 979 3620 aedilis
995 3559 1106 3622 curulis
1134 3560 1222 3638 erst¹‚

238 3726 443 3792 *mestuus
574 3722 1158 3786 'sedtumntsemrlmeoaemmmseron

207 3857 227 3891 ¹¹
245 3856 260 3886 ⁸
275 3855 332 3911 Quae
353 3853 503 3918 mama]
534 3853 596 3903 Ome
623 3854 683 3903 ultra
714 3869 756 3919 pro
771 3855 856 3901 tribuni
869 3861 970 3914 pretores
989 3851 1034 3914 legi
1050 3850 1118 3916 jussit
1139 3853 1223 3901 tribum

175 3923 278 3982 modum,
293 3921 353 3972 ultra
367 3921 523 3986 praecriptum
538 3921 616 3982 legum
634 3919 684 3967 fieri
711 3919 793 3981 plebei:
821 3933 863 3979 qua
886 3919 910 3965 in
937 3933 962 3966 re
986 3917 1134 3972 mentientes
1155 3917 1224 3966 habet

174 3989 300 4049 mighem
320 3987 377 4051 lore,
405 3998 505 4050 tempus,
534 4001 561 4034 sc
583 3984 684 4034 messei-
714 3996 803 4032 nostros
813 3983 910 4030 eodioss.
943 3981 1051 4044 Denique
1068 3983 1163 4030 inseruit
1173 3997 1224 4045 par·

173 4065 217 4102 tas.
714 4049 807 4099 ticulum
824 4059 945 4108 negantem
961 4046 1015 4095 huie
1031 4045 1144 4106 membro,
1158 4063 1184 4094 aa
1196 4049 1225 4092 iis

209 4117 230 4152 ¹⁹
245 4114 683 4179 Qut....ssntor]v1d.sss.⁴s.ss
715 4117 753 4178 qni
772 4115 914 4177 magistratus
931 4127 974 4159 non
999 4115 1107 4174 cepissent.
1138 4111 1224 4159 Omnia

175 4193 243 4232 1111.
253 4185 294 4232 ⁴9.
386 4205 390 4212 ·
715 4196 730 4229 o
755 4179 809 4226 ime.
1224 4199 1227 4207 ι

210 4246 230 4280 ¹³
260 4245 292 4294 Ut
315 4247 405 4310 quique
425 4261 500 4296 mrum
518 4247 603 4308 prim
622 4257 685 4291 erec-
730 4190 771 4276 μῑ*
789 4241 915 4303 erispoliu
931 4257 957 4289 es
972 4237 1224 4302 hultfimdomidode.

176 4318 213 4356 tus
230 4311 289 4374 out]
311 4311 375 4359 Olim
394 4319 423 4359 st
441 4313 530 4374 quiaque
544 4325 619 4358 eorum
637 4311 687 4371 pn·-
716 4308 780 4371 rem]
794 4307 852 4356 Vid.
863 4317 911 4354 not.
921 4307 961 4354 29.
974 4304 1028 4354 adl.
1040 4317 1066 4354 x.
1078 4321 1099 4354 c.
1112 4307 1134 4353 7.

175 4383 483 4426 mmmmm.
514 4373 626 4424 Russus
644 4374 682 4420 Si.
749 4373 770 4406 ¹⁵
786 4370 817 4419 Er
840 4371 909 4418 editu
926 4371 1012 4417 carratis
1032 4369 1090 4432 aar]
1111 4369 1223 4419 semiu-

175 4439 257 4502 gonius
283 4455 364 4488 rocem
390 4449 484 4504 mur,
513 4457 565 4504 qua
590 4451 682 4489 manum
715 4453 767 4486 mus
783 4449 913 4499 germanam
929 4433 991 4482 Livii
1010 4434 1153 4500 scripturam,
1169 4435 1225 4483 iuc-

175 4505 291 4558 turbabst.
322 4505 429 4567 ldemia
446 4505 473 4556 is
491 4522 543 4576 que
557 4516 685 4572 sequanam
715 4515 767 4555 tore
790 4501 846 4555 l'ut.
866 4511 892 4554 ct
912 4500 985 4554 alteo
1006 4499 1086 4553 itidem
1109 4515 1138 4554 ss
1158 4501 1225 4564 regiis
