3092 5200
326 341 385 400 as
658 329 947 426 stmm

153 513 188 568 υ.
200 513 295 570 cmc.
322 504 411 557 tanto
426 491 534 556 ardore
549 486 682 556 militum
697 501 745 553 est
760 510 833 553 usus
854 489 895 553 ab
910 485 959 552 irs
981 486 1062 549 inter
1084 483 1278 552 conditiones
1291 488 1376 574 pacis
1436 495 1440 500 '

154 582 187 630 Α.
200 577 230 636 c.
242 583 298 636 214.
322 580 502 644 interiecta
515 580 666 658 stationis,
696 587 730 640 ut
760 578 860 660 primo
889 576 996 660 inpetu
1024 575 1132 636 urbem
1154 587 1377 660 expugnarent.

317 665 529 752 'Hippocrates
555 678 652 750 atque'
667 663 1020 749 Epicydeapostquam
1043 662 1113 744 capi
1137 683 1241 726 muros
1265 664 1376 726 refrin-

322 756 413 838 giue
439 767 543 839 portas
568 753 670 816 videre
678 754 700 831 ²,
723 751 754 813 in
781 771 884 814 arcem
911 770 977 812 sese
998 769 1069 811 cum
1092 750 1196 832 paucis
1223 771 1376 835 recepere.

321 777 393 904 iaie
416 841 496 904 clam
516 851 607 904 nocte
635 836 823 900 Herbessum
844 835 1028 920 perfugiunt.
1072 831 1280 920 Syracusanis,
1301 849 1376 922 octo

323 927 452 990 millium
472 937 657 989 armatorum
681 923 803 1006 agmine
821 923 966 1006 profectis
990 923 1094 1001 domo,
1120 923 1161 985 ad
1182 921 1303 1008 Mylarn
1316 923 1375 985 flu-

154 1017 302 1098 armann-
322 1035 393 1077 men
423 1014 551 1078 nuncius
581 1011 726 1091 obcurrit,
756 1022 880 1094 captam
905 1010 1012 1076 urbem
1041 1029 1107 1072 esse
1119 1033 1130 1088 3
1165 1022 1270 1074 cetera
1298 1009 1375 1073 falsa

155 1098 205 1196 ἵζ’.
215 1083 309 1198 ‘iffi'
322 1100 422 1165 mixta
441 1101 518 1164 veris
540 1099 660 1162 serens:
685 1097 799 1160 cadem
822 1098 1026 1181 promiscuam
1048 1097 1179 1159 militum
1204 1107 1296 1179 atque
1315 1118 1374 1180 op·

155 1163 289 1264 &inm
301 1174 311 1189 ⁸
322 1187 506 1271 pidanorum
520 1186 646 1265 factam,
668 1191 725 1247 nec
748 1204 933 1268 quemquam
952 1184 1098 1267 puberem
1114 1185 1251 1246 arbitrari
1266 1203 1373 1267 super·

323 1296 411 1338 esse:
436 1274 586 1358 direptam
600 1273 705 1335 urbem
720 1293 728 1331 r
751 1272 834 1334 bona
851 1270 1048 1356 locupletium
1063 1269 1187 1334 donata.
1229 1269 1281 1332 Ad
1294 1289 1374 1334 nun·

156 1363 310 1431 Symao.
322 1361 405 1424 cium
427 1373 491 1424 tarn
511 1373 647 1424 atrocem
670 1358 811 1422 constitit
833 1377 962 1440 agmen3
987 1357 1207 1440 concitatisque
1222 1357 1375 1436 omnibus,

154 1446 210 1546 ’ἐξ
220 1433 310 1548 ᾞ·
324 1449 426 1526 duces,
449 1445 549 1525 (eraut
563 1457 665 1510 autem
680 1443 764 1508 Sosis
780 1466 817 1507 sc
831 1441 1033 1525 Dinomenes)
1055 1444 1129 1528 quid
1142 1455 1279 1528 egerent,
1296 1465 1374 1506 con·

154 1512 268 1612 mm
292 1523 302 1538 ⁸
322 1533 489 1597 sulcabant.
533 1529 708 1596 ”Terroris
730 1532 865 1616 speciem
890 1531 974 1593 haud
994 1551 1107 1593 vanarn
1123 1529 1284 1594 mendacio
1296 1552 1373 1614 pra-

322 1622 452 1684 buerant
470 1620 619 1682 verberati
645 1641 682 1682 ac
704 1619 803 1682 securi
827 1619 962 1702 percussi
987 1618 1153 1701 transfugo
1172 1617 1212 1680 ad
1226 1618 1288 1681 duo
1303 1617 1375 1680 mil·

322 1708 364 1770 lia
398 1707 566 1770 hominum.
599 1719 733 1770 ceterum
767 1703 987 1768 Leontinorum
1021 1704 1217 1786 militumque
1247 1704 1376 1766 aliorum

321 1815 424 1874 nemo,
447 1806 517 1878 post
538 1805 661 1877 captam
685 1793 802 1871 urbem,
831 1792 960 1855 violams
983 1791 1105 1858 iueratr
1136 1811 1251 1874 suaque
1271 1791 1376 1854 omnia

321 1882 376 1960 eis,
396 1881 455 1944 nisi
479 1903 545 1964 quae
568 1881 683 1964 primus
705 1879 855 1943 tumultus
878 1890 975 1962 eapte
1000 1879 1084 1940 urbis
1104 1879 1304 1956 absumserat,
1326 1898 1375 1940 re-

320 1968 535 2032 stituebantur.
578 1965 646 2029 Nec
669 1977 705 2029 ut
730 1964 899 2028 Leontinos
921 1966 1012 2043 irent,
1036 1965 1176 2049 proditos
1197 1965 1238 2050 sd
1259 1964 1373 2026 cadem

321 2055 545 2118 commilitones
561 2063 732 2136 querentes,
748 2052 875 2136 perpelli
890 2063 1028 2135 potuere,
1050 2073 1107 2114 nec
1128 2063 1163 2116 ut
1176 2051 1286 2114 eodem
1301 2051 1373 2113 loco

322 2142 484 2203 certiorem
512 2141 659 2202 nuncium
688 2150 911 2222 exspectarent.
971 2138 1071 2210 Quum
1096 2139 1137 2201 sd
1167 2138 1375 2202 defectionem

320 2225 484 2288 inclinatos
499 2227 618 2288 animos
634 2236 793 2288 cernerent
807 2237 963 2307 pretores,
984 2226 1038 2288 sed
1057 2236 1128 2287 eum
1147 2237 1267 2289 motum
1289 2223 1376 2286 baud

321 2308 496 2373 diuturnum
511 2311 587 2388 fore,
611 2312 636 2373 si
660 2311 754 2390 duces
777 2313 918 2375 amentiae
931 2312 1042 2375 sublati
1057 2325 1183 2391 essent3
1206 2312 1376 2374 exercitum

320 2394 436 2457 ducunt
466 2395 640 2478 Megaram.
672 2398 730 2480 ipsi
766 2419 836 2461 cum
867 2399 972 2482 paucis
1006 2399 1158 2480 equitibus
1188 2397 1375 2462 Herbessum

319 2481 562 2563 proficiscuntur,
585 2505 650 2566 spe,
676 2483 789 2547 territis
816 2487 969 2565 omuibus,
993 2507 1048 2569 per
1069 2486 1276 2569 proditionem
1292 2485 1374 2546 urbis

320 2568 486 2650 potiundae.
509 2570 592 2655 quod
616 2569 668 2633 ubi
692 2570 804 2635 fmstra
826 2573 870 2635 eis
897 2572 956 2635 fuit
975 2573 1143 2656 inceptum,
1165 2573 1194 2635 vi
1220 2571 1373 2657 agendum

319 2656 388 2733 rati,
408 2666 531 2739 postero
547 2657 597 2719 die
621 2655 757 2739 Megaris
773 2670 875 2722 castra
890 2672 1024 2739 movent,
1047 2673 1082 2723 ut
1103 2659 1288 2723 Herbessum
1304 2679 1373 2721 om·

152 2749 305 2823 nrppocnrer
317 2741 407 2802 nibus
434 2744 531 2825 copiis
560 2744 784 2826 obpugnarent.
837 2744 1042 2830 Hippocrates
1068 2757 1100 2809 ct
1125 2745 1287 2832 Epicydes,
1309 2764 1375 2807 non

151 2810 307 2940 :iffi-‘¹²¹
318 2839 384 2889 tam
400 2840 500 2891 tutum
515 2831 614 2913 prima
628 2832 742 2914 specie,
759 2853 852 2915 quam
866 2854 972 2911 unum,
995 2836 1023 2875 ⁶³
1035 2854 1088 2916 spe
1098 2831 1374 2915 undiqueabscissa

151 2943 257 2993 mm,
318 2914 502 2995 consilium,
516 2938 582 2979 esse
611 2919 680 2997 rati,
710 2936 746 2981 ut
778 2941 811 2981 se
842 2920 990 2981 militibus
1019 2919 1242 3002 permitterent,
1264 2930 1298 2982 et
1317 2918 1373 2981 ad·

302 3002 411 3063 <suetis
426 3024 539 3085 magna
553 3025 591 3066 ex
610 3016 698 3087 parte
719 3006 789 3083 sibi,
815 3016 848 3068 et
872 3017 937 3068 tum
960 3006 1045 3068 fama
1065 3006 1164 3069 credes
1186 3005 1375 3071 commilito·

318 3107 392 3151 num
408 3090 554 3167 accensis,
576 3091 696 3153 obviam
713 3091 827 3173 agmini
843 3092 1023 3175 procedunt.
1070 3092 1173 3157 Primo
1192 3094 1272 3159 forte
1287 3095 1375 3176 signa

320 3188 533 3239 sexcentorum
547 3174 738 3241 Cretensium
758 3189 858 3258 erant,
886 3179 938 3262 qui
964 3178 1046 3260 apud
1069 3177 1294 3266 Hieronymum
1308 3202 1374 3243 rne-

319 3274 445 3325 ruerant
459 3264 514 3325 sub
529 3262 583 3341 eis,
598 3276 630 3327 et
645 3262 828 3329 Hannibalis
850 3264 1031 3327 beneficium
1046 3266 1212 3347 habebant,
1234 3269 1318 3351 capti
1334 3267 1376 3329 ad

318 3344 530 3412 'hasimenum
553 3350 633 3411 inter
655 3348 865 3413 Romanonrm
880 3350 1004 3429 auxilia,
1028 3350 1214 3437 dimissique,
1229 3374 1305 3436 quos
1320 3354 1372 3417 ubi

320 3454 359 3493 ex
370 3434 464 3515 signis
484 3438 733 3517 “armorumque
754 3437 860 3498 babitu
874 3457 1044 3519 cognovere
1055 3437 1263 3523 Hippocrates
1278 3452 1372 3521 atque

318 3514 481 3601 Epicydes,
504 3538 605 3581 ramos
627 3520 702 3583 olere
723 3541 760 3583 ac
786 3526 814 3562 ⁸⁸
824 3522 999 3587 velamenta
1013 3526 1074 3587 alia
1088 3526 1259 3610 supplicum
1272 3527 1372 3611 porri·x

318 3614 437 3685 gentes,
461 3624 557 3682 orare,
579 3605 640 3668 ‘ut
664 3608 834 3690 reciperent
863 3631 941 3689 sese,
963 3624 1164 3697 receptosque
1188 3626 1374 3693 tutarentur,

319 3688 402 3751 ‘neu
418 3689 581 3772 proderent
595 3688 806 3776 Syracusanis,
828 3716 848 3758 a
867 3697 977 3781 quibus
997 3718 1071 3763 mox
1090 3701 1186 3786 “ipsi
1202 3702 1374 3766 trucidandi

320 3775 461 3860 ‘populo
476 3774 617 3841 Romano
632 3778 834 3845 dederenmr!
1173 3786 1191 3813 ⁸

704 3938 917 3997 ‘damnum
928 3942 997 3997 cnr.
1370 4002 1373 4010 ,

352 4064 1373 4148 Wmmwmrmmmwm

320 4126 450 4203 ξμοίοιιω
477 4134 576 4199 utiquam
603 4137 724 4187 mecedem
751 4150 828 4189 terro·
860 4152 1054 4193 semma.

319 4203 365 4247 fflt
381 4198 428 4243 vim
449 4202 560 4262 terrendi,
582 4217 634 4264 quse
654 4202 731 4269 rquuo
750 4206 828 4255 colore
892 4206 914 4239 ⁵⁵
924 4206 940 4235 '
954 4206 1077 4256 Vama
1092 4212 1138 4259 slis
1152 4212 1288 4278 simplicum]
1304 4212 1373 4264 lusu*

318 4254 440 4351 nltztemr.
493 4330 497 4341 Ι
857 4270 900 4330 lar,
916 4280 941 4318 et
960 4288 1012 4334 quar
1025 4272 1068 4321 alia
1079 4276 1374 4345 amppliciburporrigiet

389 4318 648 4404 Summam]
664 4334 695 4383 Er
713 4332 752 4385 hie
769 4352 827 4400 quo·
856 4336 1064 4399 meruissent.
1374 4375 1376 4378 -

319 4378 527 4443 quetunsbrm.
551 4393 827 4467 venerearum&
889 4398 1005 4466 wlpra]
1029 4404 1138 4468 Intellire
1156 4407 1217 4473 ἱμοι
1237 4410 1378 4480 θηται,

316 4458 395 4512 ΜΝ·
489 4489 494 4499 ·
553 4510 556 4515 .
858 4466 1211 4543 conumeratus.
1318 4493 1323 4504 ·
