3092 5200
329 348 389 404 520
745 335 832 398 Tl'l'l
846 334 948 400 LlVll

165 509 202 562 u.
212 507 242 557 e.
255 505 311 556 aaa
333 486 588 568 locrensiumque
603 467 734 564 cladem,
755 486 850 570 ipsius
867 487 960 550 ctiam
975 486 1166 570 imperatoris
1183 507 1245 552 non
1263 486 1390 552 Roma·

168 572 243 626 Mi·
253 570 312 622 2⁰⁴·
336 574 509 652 anamodo,
524 574 578 636 sed
593 595 633 636 ne
648 573 789 636 militaris
800 574 924 656 quidem
938 575 1037 638 cultus
1047 574 1243 657 jactabatur:
1264 577 1274 610 ‘
1289 581 1390 640 ‘cuns

145 697 147 704 ·
224 699 229 712 ι
338 662 456 746 ‘pallio
479 660 668 747 crepidisque
689 661 883 724 inambulare
908 662 940 724 in
964 662 1134 746 gymnasio,
1158 662 1293 726 ⁸libellis
1311 683 1390 726 cum

339 749 570 833 ‘palaestraeque
590 768 716 831 operam
729 748 822 810 dare:
845 769 928 830 seque
945 748 1079 832 segniter
1096 749 1286 830 molliterque
1306 753 1392 812 ‘co-

341 837 486 900 ‘hortem
507 846 605 898 totam
626 831 843 918 Syracusarum
864 836 1044 898 amoenitate
1063 835 1141 899 frui:
1165 834 1391 918 Karthaginem

341 925 354 957 ‘
369 933 458 1004 atque
471 920 676 984 Hannibalem
689 921 836 986 excidisse
848 921 886 986 de
896 923 1061 986 memoria:
1085 924 1253 986 exercitum
1265 943 1392 986 omnem

343 1011 355 1045 ‘
370 1011 495 1072 licentia
505 1021 699 1092 conruptum‚
711 1010 809 1092 qualis
824 1007 960 1072 Sucrone
971 1010 1002 1072 in
1015 1009 1166 1094 Hispania
1179 1009 1280 1089 luerit,
1293 1010 1394 1092 qualis

293 1125 296 1132 ⁴
344 1098 355 1132 ‘
370 1117 450 1160 nnnc
462 1095 577 1176 Locris,
592 1097 683 1160 sociis
695 1097 804 1179 magis,
814 1119 907 1179 quarn
917 1097 1011 1175 hosti,
1022 1094 1239 1159 metuendum’

389 1182 462 1245 XX.
484 1181 560 1246 Haec
581 1203 763 1266 quamquam
784 1184 896 1268 partim
917 1206 998 1263 vera,
1018 1184 1130 1268 partim
1149 1184 1277 1262 ⁷mixta,
1291 1203 1395 1266 eoque

180 1272 335 1354 Meselttrea·
346 1270 458 1334 similia
477 1270 554 1332 veris
575 1268 783 1352 jactabantur,
805 1271 880 1334 vicit
898 1283 1003 1334 tamen
1021 1271 1061 1342 Q.
1082 1270 1202 1334 Metelli
1220 1270 1396 1333 sententia:

181 1353 254 1456 ²8⁰le
264 1341 293 1390 ‘¹⁸
349 1358 412 1442 qui,
424 1357 462 1420 de
474 1357 582 1421 ceteris
595 1356 734 1420 Maximo
744 1359 900 1437 adsensus,
912 1359 951 1420 de
962 1357 1114 1440 Scipionis
1123 1379 1231 1420 caussa
1240 1356 1397 1420 dissensit.

214 1421 296 1474 'W'
349 1449 359 1482 ⁴
374 1445 433 1520 Qui
446 1447 525 1509 enirn
537 1447 708 1526 convenire,
720 1465 810 1528 quem
821 1446 918 1515 modo
933 1446 1039 1508 civitas
1051 1442 1195 1527 juvenem
1205 1443 1370 1506 admodum
1378 1441 1397 1480 b

350 1535 588 1617 ‘recuperandae
602 1531 757 1616 Hispania
771 1533 941 1616 ⁸delegerit
952 1533 1073 1609 ducens,
1093 1553 1195 1614 quem,
1215 1541 1337 1612 recepta
1355 1528 1399 1591 ab

352 1625 363 1657 ‘
379 1623 516 1686 hostibus
529 1619 691 1704 Hispania,
703 1619 743 1681 ad
755 1619 962 1704 inponendum
975 1617 1092 1681 Punico
1106 1619 1188 1681 bello
1205 1618 1297 1686 finem
1308 1636 1396 1678 crea·

353 1709 457 1772 ‘verit
476 1707 644 1784 consulem,
664 1728 718 1789 spe
738 1707 936 1770 destinaverit
954 1704 1161 1768 Hannibalem
1180 1727 1221 1769 cx
1236 1703 1327 1768 ltalia
1340 1703 1396 1764 de-

352 1797 559 1872 ‘nacturum
580 1793 715 1856 Africam
734 1794 940 1870 subacturum,
955 1815 1023 1856 eum
1041 1805 1178 1875 reponte,
1190 1806 1345 1872 tamquam
1356 1788 1396 1859 Q.

353 1886 364 1958 ξ
380 1881 571 1959 Pleminium,
592 1881 709 1944 indicta
727 1901 836 1942 caussa
852 1901 949 1964 prope
970 1881 1162 1955 damnatum,
1183 1901 1223 1942 ex
1241 1875 1401 1962 provincia

354 1967 539 2033 ‘revocaril
580 1987 673 2050 quum
702 1989 749 2046 ea,
778 1987 844 2049 quaa
866 1968 899 2029 in
917 1988 951 2028 se
972 1966 1087 2028 nefarie
1118 1967 1202 2030 facta
1231 1964 1401 2028 locrenses

354 2058 587 2140 ‘quererentur,
610 2074 649 2116 ne
670 2066 817 2137 prasente
840 2053 963 2136 quidem
985 2051 1129 2137 Scipione
1150 2053 1234 2116 lacta
1252 2052 1401 2124 dicerent,

354 2144 480 2224 ‘neque
499 2141 592 2217 aliud,
613 2162 704 2224 quam
723 2141 884 2224 patientia,
904 2154 959 2203 aut
980 2141 1088 2222 pudor,
1115 2141 1198 2221 quod
1221 2140 1317 2221 legato
1338 2156 1400 2218 pe·

301 2257 303 2262 ¹
356 2229 538 2313 ‘percisset,
572 2228 738 2290 insimulari
770 2226 895 2310 possiti
934 2225 1000 2291 Sibi
1028 2227 1159 2309 placere,
1190 2224 1239 2288 M.
1268 2222 1402 2304 Pompo·

356 2316 468 2378 ‘nium
492 2325 664 2396 pretorem,
686 2315 734 2378 cui
758 2312 864 2377 Sicilia
882 2315 1046 2397 provincia
1059 2325 1141 2376 sorte
1166 2313 1323 2385 evenisset,
1343 2309 1403 2372 tri·

355 2403 445 2464 ‘duo
465 2401 606 2484 proximo
636 2401 668 2462 in
699 2400 884 2483 provinciam
917 2401 1091 2487 proficisci:
1128 2399 1267 2462 consules
1295 2397 1404 2459 docens

355 2488 368 2523 ‘
383 2489 513 2570 legatos,
525 2508 600 2568 quos
617 2487 653 2548 iis
668 2487 830 2565 videretur,
847 2509 886 2552 ert
900 2499 1007 2550 senatu
1020 2488 1134 2570 legere,
1145 2509 1218 2570 quos
1232 2505 1304 2547 cum
1323 2503 1406 2566 pra·-

357 2576 370 2611 ‘
385 2586 450 2639 tore
462 2574 630 2653 mitterent,
639 2587 671 2637 ct
683 2575 757 2637 duos
769 2575 907 2638 tribunos
918 2574 1019 2658 plebei
1028 2584 1052 2654 ⁰,
1063 2586 1152 2657 atque
1161 2572 1288 2637 aedilem.
1307 2573 1406 2631 icum

357 2662 371 2699 ‘
386 2683 423 2725 eo
435 2660 561 2723 consilio
577 2676 737 2743 praetorem
752 2683 947 2745 cognoscere.
961 2662 988 2724 si
1004 2682 1051 2739 ea,
1066 2682 1129 2745 qim
1140 2660 1303 2723 locrenses
1314 2655 1408 2717 facta

356 2750 594 2832 ‘quererentur‚
609 2746 696 2831 jussu
716 2760 770 2812 aut
789 2750 949 2813 voluntate
970 2747 1003 2813 P.
1022 2747 1169 2832 Scipionis
1186 2747 1266 2808 lacta
1284 2754 1405 2820 essent,

488 2844 499 2881 '³
514 2848 718 2906 dnodenarium
729 2848 802 2897 Gron.
813 2849 884 2899 Cres.
1024 2892 1028 2897 ,
1106 2854 1117 2881 θ
1129 2847 1195 2910 plaiis
1203 2846 1273 2893 Cres.

394 2928 406 2961 ⁴
425 2927 558 2989 Cumpnllio
574 2929 718 2993 crepidisque]
735 2930 870 2980 Palliurnet
901 2942 952 2979 raus
975 2946 988 2978 a
1008 2929 1140 2980 rhetoribus
1160 2926 1326 2993 philosophiae
1346 2938 1406 2973 Μ·

360 2994 461 3058 crepidae
480 2992 615 3042 Graecorum
634 3007 708 3042 erant.
740 2996 779 3044 De
795 2996 873 3059 pallio,
900 2997 996 3060 scriptos
1005 3009 1030 3044 et
1039 2995 1163 3060 propositos
1173 2992 1407 3052 auditoribussque·

365 3070 503 3108 notamen.
527 3058 761 3123 crepidusGrrecis
772 3062 871 3111 maxims
902 3062 1046 3110 madmorlurn
1064 3062 1123 3125 apud
1139 3059 1191 3109 Cic.
1208 3058 1259 3106 tl.
1274 3058 1303 3105 de
1319 3056 1363 3103 Or.
1379 3069 1406 3103 n.

365 3126 732 3189 genarssessesusdervoripss,
748 3142 872 3196 puaernare
906 3128 1111 3189 lunasque,
1126 3128 1165 3188 oui
1175 3125 1253 3172 misr
1272 3122 1358 3178 bediu,
1370 3121 1407 3167 sei

366 3190 449 3239 Grata
467 3203 513 3248 est,
530 3202 590 3241 teste
603 3190 688 3248 Gellio,
700 3190 717 3238 l.
729 3204 789 3241 xm.
799 3208 823 3240 o.
834 3194 873 3241 2⁰.
904 3192 1038 3245 iamir
1052 3193 1194 3251 commis
1204 3187 1409 3236 loedonhilisiss·

368 3265 394 3305 et
414 3256 500 3305 diserte
524 3254 614 3305 Persius
634 3258 732 3318 crepidas
754 3253 875 3304 Graiorwn
903 3256 963 3320 perii
982 3266 1004 3304 et
1027 3259 1113 3321 gbrie,
1136 3258 1165 3305 sit
1184 3254 1271 3303 consilis
1291 3254 1408 3317 ὤιμην

368 3320 476 3387 appellat,
488 3321 537 3369 Sat.
549 3336 600 3371 nv.
612 3322 666 3371 127.
699 3320 750 3369 Jsrn
761 3338 816 3369 vero
825 3336 875 3369 cre·
906 3322 1014 3383 princeps.

368 3388 429 3453 pidia
448 3389 512 3453 ipsae,
529 3397 680 3450 preterquam
700 3388 759 3449 quod
771 3403 817 3435 non
828 3386 876 3435 Βο-
938 3383 951 3418 ⁶
976 3384 1089 3434 emman
1108 3382 1188 3445 mosa]
1203 3382 1309 3431 ,Amicos
1327 3393 1409 3428 osane

370 3468 455 3509 manae,
471 3468 517 3499 non
528 3452 584 3501 satis
594 3466 622 3501 er
632 3452 742 3513 dignitate
753 3453 877 3515 imperato·
908 3461 931 3498 et
945 3451 1061 3500 ministros
1071 3449 1218 3515 proconsulis.
1253 3447 1347 3495 &aas
1364 3459 1410 3492 no·

370 3521 403 3567 ris
413 3518 547 3566 videbamur
559 3532 618 3567 esse.
635 3516 697 3565 ldern
709 3519 782 3567 senne
793 3517 877 3582 objecit
907 3516 971 3563 mine
989 3518 1135 3578 sanantur
1153 3516 1169 3563 ii
1187 3514 1226 3578 qui
1238 3511 1372 3575 maginardi
1383 3509 1411 3557 irs

372 3584 455 3632 (icero
476 3582 553 3630 Verri.
596 3582 661 3630 Stetit
686 3583 779 3631 soleatus
798 3592 878 3645 pretor
908 3581 1021 3645 provincia
1035 3583 1126 3637 adsunt,
1143 3580 1274 3640 consiliarii,
1289 3578 1415 3640 adjutore,

371 3649 447 3711 panls'
472 3645 567 3695 Romus*
592 3664 642 3697 cnm
667 3648 734 3709 pallio
757 3664 875 3709 purpuras.
908 3646 1044 3695 administri.
1076 3648 1108 3695 Et
1124 3648 1157 3695 sie
1174 3644 1254 3709 perdar
1270 3642 1414 3690 massot

373 3713 511 3762 &inaniat
520 3712 643 3762 idemlere
660 3725 734 3767 erant.
751 3715 810 3775 quod
830 3729 877 3762 ere-
909 3727 994 3761 nomen
1015 3723 1109 3778 arsurpst
1127 3713 1153 3761 in
1172 3712 1236 3760 libris
1251 3717 1329 3759 contu
1349 3704 1415 3755 Vet-

372 3782 438 3843 pide.
468 3776 500 3826 lis
516 3779 643 3839 plantarum
653 3779 880 3827 orbertantnmmodo
908 3792 967 3826 rem.

374 3843 450 3907 infime
459 3845 593 3907 tegebantur.
626 3844 879 3905 Conumopeaudaet
941 3838 987 3879 ⁷*
1005 3840 1088 3905 Hirta]
1103 3840 1211 3889 iixreris
1220 3837 1333 3901 lslfflqne.

376 3908 478 3957 teretibus
495 3908 582 3955 lamnis
596 3908 678 3969 sinna,
697 3919 725 3956 ut
734 3906 804 3957 habet
814 3908 879 3959 0011.
943 3907 955 3941 ⁸
970 3904 1084 3971 Delegerit
1091 3904 1180 3966 duoser
1199 3904 1281 3954 Nostri
1288 3900 1378 3967 scripti,
1389 3916 1417 3951 nt

375 3972 428 4022 loco
435 3976 484 4038 jans
496 3984 628 4021 memorata.
650 3970 814 4021 Germanicum
825 3990 881 4037 quo·
912 3984 937 4022 et
947 3972 1038 4036 plurimi
1049 3987 1063 4021 e
1074 3970 1227 4019 Grooosisnis
1233 3972 1347 4035 delegarit.
1362 3968 1418 4018 Nec

378 4038 677 4101 quet'srsarems‘liberio
695 4038 841 4099 perstrictum
857 4039 882 4087 in
912 4052 1066 4102 aspernamur.
1108 4034 1419 4099 Sedvulgatalectiopotioe

344 4118 348 4121 ·
377 4116 460 4151 renam
479 4112 611 4153 auctorest
629 4104 732 4165 Tacitus,
748 4104 766 4153 1.
780 4105 883 4154 ωηο.
913 4104 1012 4153 ridetur.

378 4184 401 4217 c.
414 4170 453 4219 59.
465 4168 560 4231 quodie
571 4168 672 4234 AEgypto
689 4170 778 4231 pedibas
790 4170 885 4229 intacto,
945 4172 959 4205 9
973 4171 989 4198 θ
1007 4167 1064 4215 cm
1080 4168 1421 4231 ommiumqu-

380 4233 556 4282 idestrolestus
574 4235 729 4299 crepidarusre
746 4234 886 4295 insanisset,
914 4232 973 4297 aare]
997 4232 1121 4281 Praetorem
1143 4234 1260 4296 inquirere
1278 4244 1303 4281 er
1319 4244 1423 4281 starum

378 4299 519 4357 arpos-iem
531 4296 614 4349 Grecis
623 4302 714 4349 anicla.
856 4329 868 4351 .
914 4302 944 4349 de
963 4298 992 4346 iis
1012 4315 1064 4362 quse
1084 4298 1183 4363 Scipioni
1201 4296 1349 4362 objiciantur.
1367 4313 1423 4347 em

412 4360 423 4393 ⁵
440 4360 529 4411 Libellis
536 4380 586 4413 nass
593 4364 749 4429 palestraepne]
765 4363 811 4412 l'ro
821 4366 885 4412 eiam
914 4364 1012 4413 tribunis
1027 4364 1106 4427 plebis,
1115 4364 1186 4421 sedili,
1199 4376 1225 4412 et
1237 4363 1320 4413 decens
1331 4363 1423 4424 lepis,

379 4428 591 4489 unanimorum,
611 4431 670 4493 qnod
681 4428 886 4493 postulantomnes
916 4430 954 4492 qai
965 4430 1054 4477 emilii
1069 4428 1119 4481 loro
1137 4428 1170 4479 illi
1188 4430 1246 4495 sint,
1257 4441 1283 4481 et
1302 4426 1425 4479 mutati

382 4488 453 4541 MSS.
487 4490 599 4543 Ceterum
616 4496 655 4545 hir
673 4492 885 4557 libellos'intelligi-
917 4495 1037 4545 snidesm.
