3092 5200
339 343 412 400 :³12
685 383 710 398 ..
760 337 844 399 'rm
865 337 969 398 mvn
1035 384 1039 393 .

231 510 329 566 σω.
354 503 438 555 retur
450 495 470 554 'a
483 493 572 556 suin·
598 491 697 564 Quem
712 513 854 575 pavorem
877 491 1006 574 legionis
1026 491 1394 573 periculumquecastro-

229 577 554 641 c.211..mmF1ssvius
573 581 624 641 uhi
643 579 730 656 vidit,
751 578 790 648 Q.
804 576 934 640 Navium
955 579 1163 660 primoresque
1185 579 1263 641 alios
1284 591 1393 642 centn-

341 666 470 728 -rionum
486 665 634 742 hortatur,
649 666 664 720 ‘.
674 676 709 726 ut
723 665 882 734 cohortem
895 665 1029 726 hostium
1039 664 1096 742 sub
1108 664 1189 726 vallo
1199 676 1390 745 pugnantem

342 752 362 803 ·‘
376 755 403 792 ²⁸
413 750 558 815 invadant
566 751 584 812 ¹.
599 752 632 812 in
646 770 766 812 summo
780 749 951 812 discrimine
965 770 1030 817 rem
1039 750 1132 812 verti:
1151 763 1205 814 aut
1214 751 1297 821 ‚viam
1308 750 1389 812 don-

340 839 362 898 .‘
376 839 448 900 daut
463 837 500 899 iis
515 858 592 914 esse,
607 836 645 898 et'
655 837 773 898 minore
786 847 909 911 conam,
931 838 957 881 ²⁷
966 856 1059 915 qnam
1081 835 1269 898 condensam
1289 837 1388 898 aciem

344 923 363 987 .‘
378 923 571 1004 inrupissent,
586 925 618 984 in
633 934 734 985 castra
747 921 935 1004 inrupturos:
958 934 1012 982 aut
1025 920 1229 998 conficiendos
1243 923 1299 984 sub
1310 922 1391 984 vallo

342 1010 368 1070 :‘.
378 1029 453 1070 esse.
470 1058 474 1068 ,
497 1006 565 1070 Nec
580 1009 683 1090 magni
700 1008 874 1070 certaminis
895 1028 959 1068 rem
974 1007 1056 1068 fore:
1082 1027 1194 1089 paucos
1209 1029 1287 1086 esse,
1302 1021 1336 1071 et
1348 1009 1390 1070 ab

342 1094 363 1154 .‘
376 1095 438 1156 suis
453 1095 655 1171 interclusos5
674 1095 745 1176 ἔθει
759 1113 835 1173 quse,
854 1093 928 1154 dnm
947 1105 1055 1174 paveat
1076 1092 1230 1166 Romanus
1240 1094 1265 1172 ¹¹,
1292 1095 1387 1155 inter·

330 1184 362 1256 „⁶
378 1193 469 1262 rupta
482 1180 563 1242 acies
578 1179 724 1257 videatur,
740 1200 821 1256 eam,
841 1180 867 1239 si
882 1199 915 1240 se
934 1179 1085 1260 utrimque
1099 1181 1130 1240 in
1145 1180 1264 1241 hostem
1278 1190 1389 1258 vertat,

340 1266 364 1329 .·‘
379 1265 505 1348 sincipiti
525 1287 627 1348 pugna
649 1266 765 1328 medios
790 1263 1081 1334 circumventuram!
1124 1263 1236 1326 Navius
1254 1266 1306 1326 uhi
1321 1266 1389 1328 haec

269 1379 273 1388 ⁴
340 1352 546 1433 imperatoris
556 1351 781 1433 dictn‘accepit,
796 1354 822 1390 ²⁹
832 1351 960 1412 secundi
972 1351 1084 1412 hastati
1100 1351 1217 1431 signum
1229 1351 1387 1413 ademtum

340 1437 495 1517 signifero
511 1437 542 1498 in
558 1439 660 1500 hostes
684 1438 796 1514 insert,
811 1435 971 1518 jactorum
986 1437 1019 1497 in
1035 1436 1153 1498 medios
1165 1457 1217 1498 eos
1232 1436 1388 1516 minitans,

341 1522 384 1583 'ni
401 1544 433 1584 se
457 1543 584 1605 propere
599 1527 762 1604 sequantur
777 1523 900 1600 milites,
915 1534 948 1584 et
961 1534 1083 1604 partem
1095 1535 1255 1604 capessunt
1268 1543 1388 1604 pugnae.

339 1605 462 1688 ¹lugens
477 1629 585 1690 corpus
606 1621 682 1687 erat,
700 1621 733 1671 et
754 1630 840 1670 arma
861 1608 1086 1684 ltonestabent}
1113 1618 1146 1669 et
1158 1608 1308 1670 sublatum
1326 1609 1389 1671 alte

350 1694 471 1774 signum
486 1705 676 1774 converterat
690 1695 730 1756 ad
740 1695 948 1777 spectaculum
960 1695 1040 1764 cives
1054 1695 1229 1774 hostesque.
1243 1705 1391 1769 ceterum,

350 1791 512 1862 postquam
523 1778 590 1862 jam
606 1780 648 1842 ad
662 1781 749 1862 signa
762 1792 941 1863 pervenerat
952 1778 1172 1863 Hispanorum,
1183 1789 1248 1840 tum
1259 1779 1393 1862 undique

350 1867 383 1928 in
409 1887 477 1928 eurn
503 1869 530 1904 ³⁰
541 1867 663 1948 tragulis
690 1865 849 1949 conjectae,
872 1878 907 1929 et
927 1887 1023 1949 prope
1047 1877 1116 1939 tota
1139 1865 1171 1926 in
1191 1886 1285 1940 unum
1309 1865 1392 1928 acies

262 1983 267 1992 ·
349 1972 456 2016 versa:
487 1953 541 2016 sed
570 1973 666 2036 neque
697 1953 830 2015 hostium
838 2007 848 2015 ..
859 1953 1034 2031 multitudo,
1064 1972 1163 2032 neque
1188 1952 1318 2014 telorum
1343 1951 1389 2014 vis

349 2059 451 2100 arcere
467 2039 603 2120 inpetum
619 2037 683 2120 ejus
697 2039 752 2100 viri
768 2050 942 2120 potnerunt.

391 2121 447 2186 Vl.
468 2122 511 2186 Et
535 2123 583 2186 M.
599 2123 709 2186 Atilius
732 2123 860 2206 legatus,
885 2129 911 2163 ³¹
923 2125 1014 2207 primi
1042 2125 1188 2208 principis
1214 2145 1252 2186 ex
1276 2124 1385 2186 eadem

346 2209 466 2290 legione
495 2210 616 2290 signum
651 2209 753 2272 inferri
782 2211 814 2272 in
843 2211 1003 2273 cohortem
1033 2209 1243 2293 Hispanorum
1271 2211 1385 2291 coegit.

335 2292 397 2372 Et,
423 2295 474 2375 qni
498 2297 605 2358 castris
629 2307 788 2379 praeerant,
813 2294 849 2358 1..
873 2295 997 2358 Porcius
1021 2295 1145 2360 Licinus
1169 2308 1203 2359 et
1221 2293 1262 2357 Τ.
1282 2294 1386 2378 Popil-

335 2379 420 2442 .lius¹
443 2380 547 2464 legati
576 2403 632 2464 pro
657 2381 737 2444 vallo
766 2382 876 2444 acriter
900 2394 1117 2464 propugnant,
1146 2381 1387 2465 elephantosque

344 2465 601 2548 transgredientes
622 2468 653 2528 in
675 2469 742 2550 ipso
761 2468 841 2532 vallo
868 2468 1043 2530 conficiunt.
1066 2469 1387 2550 qnorumoorporibus

343 2571 436 2634 quum
458 2553 583 2637 oppleta
603 2553 799 2633 essetlossa,
822 2553 905 2616 velut
927 2575 1039 2636 aggere
1065 2566 1119 2617 aut
1141 2567 1235 2637 ponte
1258 2551 1386 2635 injecto,

343 2640 504 2703 transitum
531 2640 667 2704 hostibus
695 2640 791 2703 dedit.
835 2638 881 2701 lhi
903 2661 957 2722 per
977 2655 1110 2722 stragem
1130 2640 1297 2721 jacentium
1317 2640 1382 2705 ele-

312 2805 316 2810 ,
340 2725 526 2805 phantomm
547 2737 635 2788 atrox
654 2725 740 2787 edita
763 2726 871 2789 cedes.
913 2726 1021 2789 Altera
1043 2727 1086 2806 in·⁸
1102 2737 1188 2809 perte
1213 2738 1383 2789 castrorum

336 2807 404 2907 jam
428 2812 539 2892 inpulsi
562 2823 656 2875 erant
668 2810 819 2894 Campani
840 2810 1046 2893 Punicumque
1068 2813 1249 2894 presidium,
1270 2823 1302 2874 et
1325 2813 1384 2873 suh

168 2904 270 3024 w
279 2909 303 2958 la
339 2914 407 2976 rpsa
419 2908 509 2979 porta
524 2896 646 2981 Capuae,
661 2900 688 2937 ³²
699 2919 764 2980 quse
779 2897 962 2960 Vulturnum
977 2898 1046 2977 sert,
1058 2899 1272 2981 pugnabaturr
1287 2901 1313 2935 ³⁸
1324 2918 1382 2959 ne-

229 2988 254 3023 n
613 3008 618 3017 .

140 483 141 486 ’
186 511 220 564 n.

185 579 220 632 s.

171 3038 291 3107 m
334 3053 718 3135 ladd.octnnident.Gron.Crer.
761 3053 1057 3118 lponent,linoroliisGron.
1113 3052 1394 3119 mantuensem.

371 3209 394 3249 2⁶
404 3210 550 3264 inundantes
567 3212 689 3277 incident]
704 3212 787 3261 Nostri
795 3212 847 3260 libri
879 3212 948 3260 modo
964 3194 1067 3277 superior
1084 3212 1134 3269 liet,
1150 3212 1288 3275 ancipitique
1310 3226 1386 3275 pugna

242 3276 243 3283 ’
339 3294 394 3327 cum
406 3279 557 3328 Gronorisnis
568 3280 716 3328 consentiunt
735 3279 759 3325 in
776 3280 847 3327 omit·
879 3278 967 3326 medios
975 3277 1386 3327 Poenoeemummrnacmmoer.

339 3343 512 3398 murno·
521 3346 640 3409 pourerois
650 3345 752 3393 vocibus.
846 3370 849 3376 ·
909 3342 1035 3391 ⁹⁹Smdi
1056 3342 1159 3406 Ηιωι]
1188 3341 1289 3391 Secundi
1311 3342 1386 3391 mnni-

371 3408 394 3445 ⁹⁷
404 3408 476 3463 Quom
485 3412 610 3467 aridem
625 3409 694 3455 aciem
708 3407 846 3471 irrupissent]
878 3408 925 3471 puli
938 3408 1096 3456 ilsststorum.

340 3472 445 3522 Andreas
454 3475 581 3537 enupsissent.
597 3474 658 3531 Lege
665 3472 785 3531 rupissent.
798 3471 844 3518 Su·
909 3468 933 3508 ³0
945 3472 1061 3536 Trsgnle]
1084 3472 1141 3519 Vid.
1151 3482 1201 3520 not.
1211 3473 1251 3519 35.
1262 3472 1289 3519 sd
1297 3470 1314 3520 l.
1324 3482 1382 3521 xxi.

339 3552 398 3601 pras
413 3544 544 3598 superoque
561 3538 652 3583 medinm
673 3536 742 3581 aciem
762 3532 844 3583 Romo·
875 3537 931 3585 c'.7.
1019 3562 1021 3566 ·
1135 3582 1159 3589 ..

338 3616 425 3649 norunt.
457 3600 488 3646 lit
506 3614 560 3647 sanc
578 3600 637 3647 hlud
655 3599 709 3646 reiis
723 3601 843 3648 comrade
906 3598 1383 3666 ³¹1²·rntnrmrpn....ngm]stg.

340 3664 596 3725 interrumpere
606 3665 681 3713 ocior.
707 3663 845 3727 irrumpitur
875 3679 933 3712 num
942 3666 1130 3729 primimooipuli
1146 3667 1287 3729 Principum.

339 3726 735 3843 immitrffilliiffl
754 3743 802 3777 '¹⁰¹¹
819 3733 844 3778 ‘¹‘
869 3728 995 3852 ...tte
1009 3728 1382 3846 i“‘¹.n‘c.fn³..i¹⁸⁰.¹f²:.

372 3828 434 3907 mhi
446 3874 504 3921 que,
520 3860 574 3907 dnm
585 3830 843 3921 pomothomouusfin·
873 3873 936 3906 uem.
970 3857 1141 3910 Gronoviuses
1152 3828 1225 3909 MSS.
1242 3812 1383 3909 deldditro·

339 3933 440 3987 semma
450 3926 505 3975 sciet
518 3923 629 3987 odmen]
647 3922 785 3987 Recepimus
793 3923 842 3971 leo·
873 3922 949 3973 culam
958 3927 999 3989 od,
1018 3936 1042 3972 et
1056 3925 1163 3985 inteiligit
1177 3924 1321 3973 Vultrunuus
1336 3939 1380 3988 op.

337 3988 428 4038 tionem
449 3988 516 4036 unitis
537 4004 551 4036 e
571 3988 643 4037 MSS.
668 3987 807 4036 colbertinis
828 4003 842 4035 ι
872 3988 960 4050 pidum.
999 3989 1095 4038 Utrovis
1114 3991 1183 4039 modo
1202 3990 1272 4051 legas,
1298 4003 1381 4051 panus

337 4050 436 4119 Dolatio
453 4062 569 4102 testatam.
602 4054 687 4103 Cetera
707 4054 842 4117 scriptorum
874 4053 979 4101 interest.

335 4120 486 4168 etedhomm
496 4115 841 4179 massmannum:
905 4116 1380 4181 ”Nequtmmimistehsatqm

337 4185 398 4243 quod
409 4184 531 4233 murum
545 4196 570 4233 et
585 4184 651 4247 plane
671 4182 778 4235 vitiosum
797 4194 842 4231 sn.
865 4183 942 4246 qnod]
952 4182 1013 4233 Dele
1023 4200 1076 4233 cum
1088 4183 1203 4234 Gmaovio
1217 4180 1323 4229 inutilem
1333 4196 1379 4230 vo·

337 4246 423 4294 Senem
434 4257 482 4325 est:
495 4250 624 4312 dempster
637 4248 841 4303 Rosnsounimer-
873 4248 949 4295 enirm
970 4250 1034 4312 quoi.
1071 4248 1153 4311 Siei.
1174 4257 1271 4322 strui.
1334 4247 1380 4297 ⁴3.

336 4312 841 4440 camel
866 4312 1382 4439 enm...

337 4438 463 4492 ninum
477 4452 560 4506 vernt,
579 4456 609 4493 nt
628 4442 668 4492 illo
686 4443 734 4507 ipo
750 4443 839 4495 imon·
870 4439 1146 4509 masmim.
