3092 5200
534 601 593 706 T.
632 599 809 708 LIVII
856 591 1203 702 PATAVINI

588 995 594 1008 .
677 910 879 986 urnae
918 841 1067 985 xrirv.

745 1137 950 1157 *nn-

172 1329 208 1384 U.
219 1331 251 1388 c.
262 1335 318 1388 ³³7.
383 1315 444 1384 UT
457 1339 497 1384 ex
508 1318 679 1402 Campania
701 1318 733 1379 in
747 1316 886 1380 Bruttios
900 1316 1031 1379 reditum
1046 1328 1105 1394 est,
1118 1313 1243 1394 Hanno,
1258 1312 1380 1397 adjuto·

171 1399 205 1447 A.
216 1397 245 1449 ⁰·
257 1400 315 1479 ²¹⁵:
340 1407 421 1470 ribus
448 1418 483 1468 et
507 1405 633 1467 ducibus
651 1402 785 1482 Bruttiis,
800 1401 921 1466 Graecas
946 1403 1036 1464 urbes
1052 1403 1193 1482 tentarit,
1207 1422 1245 1475 eo
1261 1401 1379 1464 lucilius

24 1497 26 1502 ’
116 1525 119 1530 -
172 1459 370 1578 ‘affin
383 1493 527 1556 societate
542 1501 702 1554 manentes
717 1487 869 1567 Romans,
885 1489 968 1571 quod
982 1486 1132 1566 Bruttios,
1152 1508 1230 1570 quos
1252 1500 1284 1550 ct
1302 1487 1379 1549 ode·

169 1542 302 1717 {baffi
337 1589 417 1728 qaaqt,
439 1578 688 1727 ctnprctuebant,
712 1573 1017 1723 Karthaginuiqusium
1041 1575 1136 1723 plqrtis
1157 1573 1255 1720 [Ἔα
1273 1593 1382 1720 netuli-i

167 1720 253 1836 m
263 1733 315 1772 ‘⁸¹¹‘
339 1678 764 1834 neqqidqmqlgqpqupptquq
778 1675 905 1810 pqqfflm
920 1672 1308 1824 lasecsrtensesesiiiiementiiiii,
1321 1680 1380 1826 lig·

337 1857 449 1920 naque,
476 1847 508 1898 et
526 1847 629 1899 cetera
648 1833 818 1899 necessaria
830 1833 933 1896 usibus
948 1854 987 1896 ex
1001 1834 1083 1915 agris
1097 1833 1129 1896 in
1144 1833 1250 1896 urbem
1265 1850 1380 1914 rupere,

338 1925 432 1988 etiam
456 1943 496 1986 ne
525 1922 602 2004 quid
625 1921 765 1984 relictum
794 1919 1055 2002 praedationibus
1070 1931 1195 1982 essent:
1224 1918 1301 1980 etin
1315 1916 1380 1979 diss

338 2009 437 2093 major
457 2011 597 2072 omnibus
624 2007 721 2090 portis
743 2005 909 2069 multitudo
923 2005 1050 2069 effundi.
1074 2005 1267 2088 postremoii
1287 2003 1382 2066 modo

338 2095 438 2158 relicti
455 2095 488 2155 in
503 2095 577 2176 urbe
599 2105 697 2172 erent,
713 2093 765 2173 qui
780 2091 903 2154 relicere
918 2111 1019 2154 muros
1030 2113 1068 2154 uc
1083 2104 1199 2174 portas,
1214 2091 1334 2173 telaque
1349 2090 1381 2152 in

339 2179 568 2264 propugnacula
582 2199 747 2260 congerere
766 2179 964 2260 cogebantur.
1007 2176 1043 2240 In
1069 2176 1254 2261 permixtam
1280 2176 1380 2240 omni-

338 2285 390 2327 um
418 2264 553 2326 retatium
578 2262 778 2346 ordinumque
807 2265 1047 2343 multitudinem,
1075 2276 1109 2326 et
1146 2273 1311 2348 vagantem
1347 2263 1379 2324 iu

250 2348 257 2365 ⁹
338 2351 419 2432 agris
433 2369 547 2430 magns
575 2369 614 2410 ex
635 2361 723 2432 parte
734 2349 897 2429 inermem,
923 2348 1100 2413 Hamilcar·
1129 2349 1239 2414 Poenus
1264 2350 1380 2431 equites

338 2437 459 2514 emisit3
484 2436 545 2516 qui,
568 2435 681 2499 violare
706 2456 890 2519 quemquam
908 2437 1007 2516 vetiti,
1031 2449 1163 2516 tanturn,
1182 2447 1218 2499 ut
1237 2436 1378 2500 exclude·

338 2535 406 2586 rent
428 2523 467 2583 ab
487 2522 562 2582 urbe
583 2520 656 2605 fuga
670 2521 842 2606 dissipatos,
865 2535 980 2586 turmas
1020 2522 1169 2606 objecere.
1197 2521 1280 2596 ,Dux
1303 2523 1379 2606 ipsc,

338 2608 407 2671 loco
427 2609 581 2691 superiore
607 2622 710 2692 cepto,
735 2609 817 2673 unde
832 2630 924 2692 agros
938 2611 1102 2692 urbemque
1123 2622 1226 2692 posset
1254 2610 1379 2691 conspi-

339 2715 420 2774 cere,
446 2692 634 2757 Bruttiorum
664 2694 825 2758 cohortem
855 2696 940 2758 ndire
963 2718 1077 2776 muros,
1116 2707 1208 2778 atque
1251 2715 1408 2771 evocare,

338 2781 490 2865 principes
504 2778 702 2844 locrensium
729 2780 769 2843 nd
792 2782 987 2864 conloquium
1003 2782 1103 2866 jussit,
1129 2793 1172 2861 et,
1197 2780 1378 2865 pollicentes

339 2867 525 2931 amicitiem-
544 2866 738 2947 Hannibalis,
777 2868 932 2932 adhortari
973 2869 1013 2931 ad
1049 2868 1154 2931 urbem
1187 2864 1378 2930 trudendum·

339 2949 467 3017 Bruttiis
482 2953 514 3016 in
535 2953 698 3035 conloquio
712 2953 823 3017 nullius
843 2955 886 3017 rei
901 2955 1001 3037 primo
1016 2954 1092 3017 fides
1105 2952 1187 3017 estl:
1215 2952 1325 3016 deinde
1343 2964 1379 3015 ut

339 3037 451 3101 Poenus
465 3039 607 3121 adparuit
628 3040 658 3103 in
685 3040 825 3119 collibus,
837 3052 870 3102 et
884 3040 1069 3123 refugientes
1083 3040 1172 3123 pauci
1198 3040 1290 3103 uliam
1310 3058 1379 3101 orn·

338 3143 410 3188 nem
440 3125 667 3203 multitudinem
693 3126 724 3188 in
754 3136 907 3209 potestate
932 3126 1068 3189 hostium
1096 3148 1163 3190 esse
1178 3125 1377 3203 ndlerebant3

338 3220 417 3291 tum,
432 3223 517 3275 metu
537 3211 621 3289 victi,
648 3210 837 3273 consulturos
858 3231 891 3273 se
906 3212 1053 3295 populum
1068 3212 1299 3294 responderunt.
1324 3210 1379 3272 ad·

337 3308 508 3378 vocstaque
535 3295 689 3377 extemplo
708 3298 868 3375 concione,
892 3317 985 3379 quum
1013 3310 1047 3362 et
1071 3298 1239 3361 levissimus
1252 3298 1377 3379 quisque

337 3400 431 3444 novas
446 3402 493 3443 res
514 3400 682 3461 novamque
697 3382 879 3445 societatem
892 3383 1031 3461 mallent,
1045 3395 1087 3463 et,
1103 3404 1232 3468 quonum
1251 3383 1377 3466 propin·

325 3466 389 3547 jqui
404 3478 492 3528 extra
506 3466 611 3529 urbem
629 3466 785 3529 interclusi
801 3468 840 3530 nb
860 3469 998 3532 hostibus
1013 3481 1112 3549 erant,
1126 3471 1209 3533 velut
1223 3468 1378 3532 obsidibus

305 3550 427 3629 ndatis,
448 3554 461 3590 ¹
466 3549 642 3635 pigneratos
657 3552 805 3616 heberent
820 3556 949 3635 snimos,
976 3557 1066 3639 pauci
1085 3558 1183 3639 ungis
1204 3556 1291 3618 taciti
1305 3574 1377 3639 pro·

327 3636 446 3735 'barem
473 3647 664 3703 constantem
690 3638 795 3719 fidem,
815 3659 908 3722 quam
928 3644 1091 3725 probatam
1116 3643 1195 3707 tueri
1210 3642 1355 3706 auderent
1365 3661 1377 3719 5

498 3791 718 3845 *BsmilourDosn
884 3870 888 3877 Ι
937 3796 1217 3849 baudomere.

367 3916 378 3951 ¹
394 3914 487 3966 Ista-'n
500 3914 625 3981 [amsa]
639 3917 707 3968 uum
715 3920 842 3985 superiore,
871 3920 957 3985 lirin,
970 3921 1000 3971 sb
1014 3920 1128 3971 Annibale
1139 3921 1248 3969 semiesas
1256 3920 1340 3969 dicitnr
1349 3919 1381 3969 sb

333 3994 356 4029 s.
367 3983 408 4031 ³⁰.
440 3981 564 4033 Locrenses
576 3982 696 4033 dsscisisss
709 3998 839 4035 memorm-
870 3986 931 4035 Nola
945 3988 970 4036 in
984 3988 1098 4037 Bruttios.
1128 3986 1190 4034 nse
1203 3986 1264 4034 isser
1279 4000 1306 4032 ss
1322 4000 1380 4047 pug-

334 4056 374 4093 mr
391 4046 421 4095 sd
439 4047 540 4097 linsttios
559 4046 696 4113 Poenosque,
713 4065 773 4099 suno
790 4050 839 4113 ipso
869 4053 1009 4101 nemesisis
1023 4061 1102 4116 petet:
1117 4050 1186 4113 idque
1201 4048 1379 4114 primm

384 4126 399 4157 n
440 4112 459 4160 's
524 4114 529 4127 '
605 4128 686 4176 equam
702 4114 756 4164 Tib.
771 4114 838 4164 Sem·
869 4117 922 4165 nuit
933 4116 1069 4165 Gletesuus.

332 4176 425 4233 psnnlus
434 4178 577 4227 consulatum
587 4178 682 4227 iniisset.
713 4179 838 4228 lliciidsns
901 4180 940 4215 Ν
952 4178 1093 4246 regumn]
1107 4176 1343 4243 Qrmmprnpinqri
1353 4180 1378 4227 in

333 4235 443 4287 Metuss
458 4244 574 4303 dicuntur,
593 4255 711 4307 postqum
725 4259 755 4293 ex
767 4244 838 4294 Corn·
868 4255 985 4309 potestste
1001 4244 1103 4293 boetium
1124 4256 1199 4302 essm,
1215 4244 1232 4291 ii
1253 4244 1298 4293 illis
1314 4245 1379 4294 selu

330 4314 432 4377 pennum
443 4303 543 4359 llnnriss
552 4306 620 4357 rediit
637 4308 734 4370 Hunno,
744 4311 785 4373 qul
795 4310 836 4359 lib.
868 4309 996 4375 ppetuu·
1004 4309 1106 4362 abarien
1114 4319 1141 4361 ct
1151 4309 1244 4374 calmet
1253 4321 1320 4361 srsnt
1327 4324 1379 4371 σιμ

330 4378 456 4445 qtptmq,
471 4384 492 4419 c.
502 4374 543 4423 46.
554 4372 598 4420 sub
616 4373 704 4423 snitum
719 4376 792 4439 hujus
802 4376 838 4439 ip·
872 4374 964 4427 ΡΜ

329 4442 378 4480 uus
392 4444 455 4496 snut,
470 4437 537 4501 sulus
551 4450 614 4489 nnus
627 4438 839 4493 esmtustssmbit
