3092 5200
484 380 563 441 LIB.
576 376 679 439 XXII.
705 378 787 439 cnl’.
801 376 915 439 XLIII.
1059 396 1062 403 ·
1165 382 1223 443 11⁷
1326 385 1330 393 ’

184 554 275 621 quum
287 535 374 599 aliter
386 534 682 616 neque'seditionem
695 532 795 615 neque
810 530 919 594 ducem
944 530 1102 593 seditionis
1128 531 1220 594 sueti·
1234 534 1266 585 U·
1277 532 1306 583 c·
1316 534 1371 585 536-

182 644 255 685 nere
278 625 392 705 posset,
422 620 556 683 Marium
585 618 739 682 Statilium
755 619 929 700 prefectum
945 636 1014 678 eum
1045 630 1145 678 turma
1159 616 1220 679 Lu·
1233 599 1372 651 mm·

181 730 259 770 cana
286 710 477 792 exploratum
504 707 611 771 mittit.
649 707 711 788 qui,
733 706 784 767 nbi
816 704 1002 785 adequitavit
1020 704 1127 784 portis,
1149 704 1220 765 sub-

181 796 286 856 sistere
324 806 411 856 extra
431 793 623 855 munimenta
644 792 751 853 ceteris
769 790 872 873 jussis,
910 790 974 871 ipse
1000 808 1071 850 cum
1100 789 1221 851 duobus

180 881 330 962 equitibus
352 881 462 943 vallum
492 880 640 941 intravit:
674 878 906 960 speculatusque
931 875 1035 937 omnia
1058 892 1128 935 eum
1149 894 1222 937 cura

179 967 349 1044 renunciat,
374 967 499 1028 iusidias
526 964 665 1047 profecto
679 984 763 1025 esse:
787 964 872 1044 ignes
895 962 926 1022 in
941 972 1028 1043 parte
1042 971 1221 1039 castrorum,

179 1062 360 1134 quaevergat
381 1054 414 1114 in
439 1054 570 1127 hostem,
586 1051 728 1112 reIIctos:
754 1047 952 1111 tabernacula
966 1057 1083 1129 aperta,
1106 1057 1139 1109 et
1153 1068 1220 1108 om·

181 1141 234 1199 nia
247 1160 320 1200 cara
333 1142 365 1199 in
381 1149 502 1220 promtu
522 1136 651 1198 relicte:
683 1146 840 1217 argentum
866 1132 1045 1217 quibusdem
1069 1133 1143 1211 loeis
1172 1144 1220 1194 te·
1308 1196 1312 1205 ,

181 1246 267 1285 mere
280 1244 334 1307 per
354 1225 429 1302 vias,
453 1223 538 1285 velut
554 1220 708 1303 objectum
729 1222 769 1283 ad
791 1221 934 1303 predam,
945 1220 1067 1281 vidisse.
1093 1218 1168 1290 Quas
1182 1219 1222 1281 ad

182 1310 379 1372 deterrendos
394 1331 414 1372 a
428 1310 596 1392 cupiditate
610 1310 730 1370 animos
753 1308 897 1371 nunciata
907 1320 1005 1385 erant,
1020 1328 1058 1369 ea
1072 1308 1223 1370 accende·

183 1407 254 1458 runt
263 1420 273 1476 3
297 1409 340 1473 et,
351 1396 485 1458 elamore
500 1407 598 1457 ortoa
608 1394 764 1473 mllitibus,
780 1395 832 1455 ‘ni
848 1394 967 1475 signum
983 1394 1080 1472 detur,
1089 1395 1154 1455 sine
1166 1394 1222 1455 du-

181 1482 193 1514 ‘
208 1483 295 1544 cibus
309 1480 424 1559 ituros,'
440 1481 674 1561 haudquaquam
689 1480 751 1541 dux
766 1480 872 1542 defuit.
886 1501 958 1541 iram
973 1480 1114 1563 exemplo
1124 1477 1222 1542 Varro

182 1568 302 1649 signnm
332 1568 418 1628 dedit
443 1566 663 1649 proficiscendi.
708 1564 840 1645 Paullus,
870 1587 962 1647 quum
986 1567 1013 1627 ei
1040 1586 1095 1627 sua
1114 1577 1222 1648 sponte
1337 1614 1339 1619 ,

182 1653 339 1715 cunctanti
354 1652 446 1733 ⁸pulli
467 1670 587 1730 quoque
616 1652 750 1733 auspicio
776 1672 837 1713 non
868 1653 1065 1729 addixissent,
1086 1654 1223 1714 ⁹obnun-

182 1736 257 1797 cieri
279 1735 346 1817 jam
375 1736 514 1798 efferenti
542 1748 633 1817 porta
657 1737 745 1817 signa
758 1737 881 1816 collegae
892 1737 992 1818 jussit.
1021 1737 1102 1818 quod
1116 1758 1222 1820 quam·

184 1842 275 1901 quam
286 1820 384 1884 Varro
397 1842 477 1903 agre
497 1832 545 1881 est
573 1841 688 1903 passus,
712 1821 852 1884 Flaminii
876 1836 980 1886 tamen
1002 1843 1107 1883 recens
1125 1844 1224 1901 casus,

184 1907 398 1988 ¹‘Claudiique
412 1908 545 1969 consulis
572 1909 672 1989 palmo
684 1906 803 1990 ,Punico
823 1908 903 1969 hello
928 1919 1097 1969 memorata
1110 1908 1224 1969 navalis

184 1993 288 2055 clades
311 1994 488 2073 religionem
518 1993 622 2055 animo
644 1994 780 2055 incussit.
834 1992 885 2055 Dii
911 2013 1006 2076 prope
1025 1994 1082 2075 ipsi
1110 2014 1148 2055 eo
1174 1993 1224 2056 die

181 2080 281 2161 magis
295 2078 449 2155 distulere,
464 2084 555 2159 quam
576 2080 768 2160 prohibuere,
797 2079 996 2141 Inminentem
1025 2092 1142 2161 pestem
1158 2078 1223 2141 Ro-

182 2167 291 2226 manis.
313 2184 385 2226 nam
401 2164 481 2226 forte
495 2166 540 2225 ita
554 2166 666 2242 evenit,
680 2177 726 2241 ut,
740 2184 834 2245 quum
848 2163 952 2227 referri
967 2166 1055 2247 signa
1070 2166 1101 2225 in
1122 2177 1224 2227 eastre

178 2250 299 2332 jubenti
325 2250 443 2312 consuli
473 2248 584 2311 milites
609 2270 672 2312 non
698 2263 855 2332 parerent:
883 2252 960 2313 servi
982 2252 1054 2328 duo,
1069 2249 1223 2313 Formiani
1233 2262 1372 2329 nepsam.

181 2356 271 2415 unus,
286 2337 362 2398 alter
372 2334 501 2397 Sidicini
513 2337 642 2418 equitis,
667 2338 731 2418 qul,
744 2334 872 2398 Servilio
896 2350 987 2419 atque
1001 2336 1098 2401 Atilio
1113 2358 1223 2413 coneus
1235 2330 1330 2391 danto,

184 2421 273 2499 libus,
290 2422 367 2484 inter
380 2422 573 2504 pabulatores
587 2422 708 2505 excepti
733 2421 908 2485 aNumidis
929 2424 1058 2503 Inerant,
1080 2427 1224 2512 profuge-

181 2520 251 2569 rent
273 2528 310 2568 eo
332 2509 380 2569 die
403 2508 443 2569 ed
464 2508 626 2570 dominos:
661 2508 712 2589 qui
734 2508 858 2571 deducti
883 2508 922 2570 ad
945 2512 1082 2573 eonsules
1113 2518 1225 2578 ¹¹nuu=

182 2593 301 2671 ciente,
327 2614 449 2656 omnem
465 2595 634 2657 exereitum
656 2592 838 2658 Hannibalis
854 2607 936 2658 tram
962 2600 1118 2680 proximos
1135 2623 1225 2665 mon.

183 2692 230 2742 tes
244 2681 349 2742 sedere
363 2681 396 2741 in
410 2681 537 2742 insidiis.
581 2679 701 2742 Horum
717 2695 905 2763 opportunus
920 2684 1065 2746 adventus
1087 2689 1225 2756 consules

183 2767 301 2849 imp'erii
316 2776 458 2848 potentes
473 2766 560 2844 lecit,
572 2787 666 2848 quum
682 2768 841 2831 ¹'ambitio
854 2769 977 2832 alterius
991 2791 1076 2834 suam
1092 2774 1224 2856 primum

182 2853 264 2935 apud
278 2873 331 2913 eos
345 2872 439 2935 prava
449 2852 639 2933 indulgentia
653 2852 846 2934 majestatem
861 2855 1008 2922 solvisset.
1178 2861 1181 2866 '

185 2961 190 2983 ι
223 2936 339 3000 XLIII.
362 2936 529 3014 Hannibal,
580 2946 742 3019 postquam
779 2951 878 3003 motos
915 2945 1012 3025 magis
1052 2947 1224 3013 inconsulte

181 3022 349 3101 Romanos,
367 3043 459 3104 quam
483 3022 522 3083 ad
549 3023 691 3084 ultimum
714 3035 827 3087 temere
851 3041 981 3106 evectos,
1013 3031 1111 3110 ridit3
1136 3037 1223 3096 ¹’ne-

182 3109 359 3191 quidquam‚
388 3108 514 3169 detecta
541 3107 659 3185 fraude,
673 3109 705 3168 in
725 3121 826 3171 castra
841 3111 939 3173 rediit.
972 3113 1019 3174 Ibi
1034 3116 1135 3196 plures
1157 3119 1223 3180 dies

180 3206 308 3276 propter
332 3193 466 3274 inopiam
492 3192 635 3253 frumenti
650 3213 783 3254 manere.
797 3197 962 3276 nequibat3
993 3219 1131 3280 novaque
1146 3223 1222 3268 con·

181 3279 251 3340 silla
265 3279 297 3338 in
315 3279 381 3338 dies
403 3297 465 3338 non
490 3277 572 3359 apud
587 3278 700 3339 milites
722 3279 833 3358 solum,
859 3280 973 3344 mixtos
988 3303 1027 3344 ex
1042 3285 1222 3350 conluvione

180 3365 318 3426 omnium
343 3363 493 3445 gentium,
522 3363 691 3424 sedetiam
715 3364 799 3449 apud
818 3367 917 3447 ipsum
947 3369 1067 3447 ducem,
1082 3371 1236 3434 orieban-

179 3459 239 3511 tur.
261 3469 332 3510 nam
355 3449 448 3531 quum
475 3449 563 3511 initio
585 3449 732 3528 ltemitus,
762 3451 876 3514 deiude
910 3466 1017 3536 aperta
1045 3457 1221 3522 vociferatio
1236 3488 1369 3544 HQ

179 3532 288 3598 iuis'set
306 3536 535 3618 exposcentium
569 3536 755 3617 stipendium
793 3536 941 3618 debitum,
973 3544 1220 3627 querentiumque
1233 3553 1344 3618 inopine

178 3641 332 3684 annonem
354 3621 462 3702 primo,
485 3623 639 3703 postiemo
660 3621 794 3700 Iamem3
818 3635 851 3687 et
872 3629 1072 3690 mercenarios
1098 3631 1221 3711 milites,
1233 3619 1343 3672 ΨΜ

177 3707 311 3770 maxime
339 3704 470 3790 Hispani
491 3707 621 3788 generis,
652 3707 692 3768 de
716 3710 897 3772 transitione
921 3714 1037 3796 cepisse
1062 3717 1221 3780 eonsilium

579 3829 594 3864 θ
603 3829 737 3880 dmuneim
746 3829 821 3881 Gran.

207 3925 683 4002 ⁸Puu1vie.na.aa.aee.so.l.x.
714 3937 812 3985 verbum
834 3949 869 3986 ea
889 3941 1008 4002 poteram
1032 3950 1074 3989 aut
1100 3941 1222 3994 niumm.

207 4006 220 4041 ⁹
236 4002 382 4067 obeundam]
400 4001 520 4058 Nuntieri,
533 4001 630 4064 auspicia
647 4001 685 4050 ia·
714 4002 863 4050 (haesimus
877 4019 905 4052 ex
921 4005 1056 4054 auctoritate
1071 4005 1221 4069 complurium

172 4065 682 4136 Quampteiadelicereqaidqum
712 4068 857 4164 scriptorum.

174 4133 396 4245 ”mm
451 4195 543 4245 ,ωω
711 4127 1221 4260 ω]

175 4261 258 4325 dade]
279 4263 338 4325 Iijus
353 4261 395 4324 qui
410 4261 491 4323 pullos.
507 4260 615 4323 quoniam
635 4276 682 4308 noa
714 4272 738 4308 et
748 4261 879 4310 indecorum
890 4213 1032 4326 nequitiis.
1196 4216 1221 4254 m

174 4325 331 4388 putamur,
347 4326 370 4374 in
387 4341 448 4374 mera
462 4325 595 4389 pratIpitati
607 4323 684 4389 jussit,
745 4324 767 4358 ¹³
784 4323 1073 4388 Nequiequem....rediit]
1091 4325 1125 4374 Ile
1136 4327 1223 4380 insecta

173 4390 552 4453 ammadversum,
671 4441 676 4448 ,
712 4389 791 4438 rediit.
822 4389 860 4440 Sic
871 4390 929 4454 apud
942 4389 1221 4455 sallubeuosugmb

207 4454 227 4488 ¹¹
239 4453 367 4519 unane]
378 4454 455 4517 vulgo
464 4455 610 4503 dmutiaat:
622 4452 682 4515 quad
713 4468 735 4504 c·
745 4457 786 4506 25.
819 4451 994 4522 legatisrustm
1003 4457 1120 4510 ditem.
