3092 5200
495 369 573 435 nln.
584 365 697 434 xxlv.
717 369 798 433 CAR
811 370 896 435 vlu,
1167 377 1227 434 906

185 526 197 560 ‘
210 523 531 607 millenariorum,
542 525 949 612 ut'pareehmtilrabcamua3
962 524 1007 589 ita
1017 523 1088 589 duci
1093 524 1228 590 boatium
1240 539 1275 590 υ.
1284 540 1315 590 c,
1325 541 1383 593 etr.

187 613 198 646 ‘
212 633 316 697 μαῖαι]
328 613 541 695 imperatorem
553 635 729 696 quaeamus.
743 614 857 694 Quum,
877 613 929 695 qui
940 624 988 676 eat
996 631 1132 674 mmmm
1140 613 1173 674 in
1181 613 1229 675 ci:
1239 605 1272 656 ὲ
1283 603 1312 656 0·
1321 607 1382 656 ²¹⁵·

188 697 305 762 ‘vitate
316 699 389 780 dux,
410 721 481 764 cum
492 700 671 784 legerimum
694 713 799 764 tamen
812 712 936 786 repente
944 699 1051 778 lecture,
1066 699 1099 761 in
1113 717 1228 762 annum
1246 775 1250 780 .

187 784 198 819 ‘
212 797 344 866 creatus,
355 786 676 852 adversaaveteremac
688 800 868 872 perpetuum
876 788 1092 870 imperatorem
1102 805 1228 868 compa-

186 869 198 902 ‘
213 871 338 951 rabitur,
348 873 440 937 nullia
448 893 548 956 neque
557 876 714 959 temporis,
720 895 819 956 neque
824 873 902 956 jurio
913 871 1063 936 incluirmr
1069 871 1229 954 angustiis,

187 957 198 992 ‘
214 977 274 1038 quo
283 959 382 1022 minus
391 960 546 1024 itaomnia
556 972 643 1042 gerat
653 961 916 1042 administretque,
923 969 961 1021 ut
970 971 1110 1042 tempora
1121 969 1227 1041 poem·

186 1041 198 1075 ‘
213 1044 611 1110 labuntbellimobieantcm
620 1047 651 1110 in
661 1048 811 1132 adparatu
819 1047 941 1130 ipeo,ac
952 1044 1229 1108 tanmmincbnan·

186 1128 198 1162 ‘
212 1131 290 1193 tibus
302 1151 360 1210 rea,
373 1134 706 1216 annue'ciroumagitur.
739 1133 905 1211 Quoniam,
915 1133 1021 1214 quales
1030 1131 1112 1195 eirca
1125 1151 1230 1196 creare

186 1215 264 1279 ‘roa
274 1218 413 1282 conaulea
424 1219 542 1300 deceat,
552 1221 626 1282 satie
637 1232 684 1283 eet
699 1219 837 1298 dictum3
860 1230 965 1296 reatat,
973 1230 1009 1281 ut
1059 1218 1229 1296 ucadeeie,

185 1300 243 1364 ‘in
255 1323 331 1385 quoe
340 1307 535 1388 prerogativae
543 1306 629 1370 favor
640 1306 806 1385 inclinauit,
823 1305 933 1368 dicam.
947 1303 996 1367 Μ.
1054 1305 1154 1367 milium
1165 1304 1228 1366 Re·

184 1387 196 1421 ‘
210 1387 300 1472 gillue
317 1389 428 1455 flamen
442 1404 490 1456 eat
504 1392 679 1472 Quirinalia‘‚
690 1413 782 1474 quem
792 1411 892 1475 neque
914 1391 1037 1455 mittere
1047 1391 1108 1454 ab‘l
1124 1390 1229 1471 merie,

184 1471 308 1557 ‘neque
327 1479 458 1541 retinere
469 1499 639 1561 postumus,
651 1491 757 1542 utnon
776 1477 881 1542 Deum
902 1488 956 1540 aut
964 1478 1038 1541 belli
1053 1477 1228 1541 deaeramua

184 1558 325 1625 ‘curam
346 1563 495 1627 Otacilius
517 1565 628 1628 sororia
646 1585 722 1628 mere
747 1565 843 1628 filiam
862 1585 1001 1644 uxorem,
1027 1576 1120 1646 atque
1136 1585 1177 1628 ex
1189 1585 1229 1628 ea

184 1646 196 1680 ‘
211 1647 332 1728 liberm,
343 1649 447 1713 habet.
462 1661 597 1713 ceterum
608 1671 671 1712 non
680 1671 717 1714 en
728 1650 866 1713 ventrain
878 1671 927 1713 me
938 1649 1130 1732 majoresque
1139 1671 1226 1714 mena

184 1731 321 1796 ‘merita
332 1747 414 1813 aunt,
436 1746 472 1799 ut
482 1757 545 1798 non
554 1737 704 1820 potiorem
725 1736 849 1821 privatio
859 1735 1131 1798 necmmmdinibua
1145 1757 1226 1800 rem·

183 1817 363 1902 ‘publicam
392 1823 532 1885 babeam.
568 1821 704 1893 Quilibet
722 1832 882 1884 nautarum
898 1832 1115 1904 vectorumque
1140 1834 1226 1886 man-

185 1905 196 1940 ‘
212 1906 306 1987 quillo
315 1909 391 1970 mari
399 1909 568 1990 gubernare
586 1919 704 1991 pote'atr
715 1909 767 1970 nbi
778 1929 856 1971 aava
865 1920 934 1971 orta
946 1919 1113 1990 tempestae
1123 1920 1181 1986 ert,
1190 1929 1228 1972 ac

186 1991 197 2022 ‘
211 1993 333 2055 turbato
345 1995 419 2056 mari
432 1995 548 2076 rapitur
555 2005 647 2057 vento
655 1995 750 2073 navia,
758 2005 825 2058 tum
833 1995 1140 2078 uiroetgubernatore
1149 2015 1226 2076 opus

184 2077 195 2110 ‘
210 2089 268 2140 eat.
279 2076 351 2142 Non
366 2080 529 2163 tranquillo
539 2081 726 2162 navigamus,
741 2080 867 2163 ecdjam
876 2081 994 2162 aliquot
1003 2081 1143 2162 procelli·
1154 2081 1227 2142 eub-

185 2161 196 2196 ‘
211 2165 301 2226 merei
306 2185 384 2247 pene
393 2186 506 2229 sumna.
515 2166 628 2248 itaque,
638 2166 706 2247 quie
717 2167 757 2228 ad
765 2167 971 2248 gubernacula
980 2167 1096 2244 sedeat,
1106 2186 1227 2229 aumma

185 2247 883 2335 ‘curaprovidendumacprrecauendnmvobia
890 2267 947 2316 eat.
967 2250 1126 2335 Inminore
1134 2263 1227 2316 tecx·
1258 2285 1262 2292 ·

185 2336 196 2367 ‘
211 2337 300 2419 perti,
308 2335 476 2417 T.0tacili,
487 2358 520 2400 re
530 2358 644 2401 eumne.
655 2338 831 2416 baudarum,
841 2359 895 2401 eur
905 2338 946 2400 ad
955 2337 1073 2420 majora
1081 2338 1138 2400 tibi
1149 2338 1226 2400 iida-

185 2421 197 2455 ‘
212 2441 289 2501 mm,
298 2423 472 2488 documenti
481 2425 646 2510 quidquam
662 2425 785 2487 dedisti.
799 2423 937 2488 Claaeem
951 2425 1011 2486 hoc
1023 2445 1116 2502 anno,
1129 2424 1225 2487 cuitu

187 2507 366 2590 ‘praeluiati,
387 2511 479 2573 trium
499 2531 597 2574 rerum
622 2531 730 2574 caussa
753 2511 947 2595 paravimus:
970 2522 1007 2573 ut
1020 2510 1130 2573 Africa
1140 2531 1226 2573 oram

186 2593 198 2627 ‘
211 2593 404 2679 popularetur
415 2620 425 2677 ς
451 2609 487 2661 ut
495 2609 564 2661 tnta
577 2599 665 2662 nobie
680 2596 693 2661 I
696 2599 777 2663 taliae
792 2599 883 2661 litora
896 2609 1021 2675 eaaent3
1035 2610 1108 2662 ante
1119 2599 1227 2661 omnia

187 2680 204 2723 ‘·
212 2702 251 2743 ne
262 2684 504 2766 supplementum
509 2706 578 2747 cum
584 2684 737 2768 stipendio
749 2696 983 2766 commeatuque
988 2684 1028 2746 ab
1034 2683 1229 2767 Karthagine

186 2768 197 2801 ‘
211 2766 378 2832 Hannibali
402 2781 668 2854 tranaportaretur.
691 2769 802 2833 Create
825 2772 982 2833 cumulem
995 2769 1034 2832 Τ.
1048 2770 1227 2849 Otacilimn,

187 2854 275 2919 ‘non
287 2854 368 2933 dico,
383 2856 408 2918 ai
419 2858 525 2919 onmia
535 2858 610 2935 hae,
625 2856 679 2919 aed
691 2857 717 2919 ai
726 2858 842 2941 aliquid
849 2878 954 2920 comm
968 2856 1142 2940 reipublice
1148 2878 1227 2941 pre·

187 2939 198 2974 ‘
212 2940 303 3004 atitit.
325 2939 380 3004 Sin
393 2953 505 3019 autem,
514 2954 546 3005 te
558 2943 684 3005 classem
696 2943 865 3020 obtinente,
878 2943 1228 3025 “etiarmuelutpacato

187 3024 197 3058 ⁸
212 3027 300 3105 mari,
312 3028 453 3108 quaelibet
473 3026 638 3089 Hannibali
654 3038 721 3089 tuta
734 3040 825 3110 atque
845 3030 967 3112 integra
975 3029 1014 3090 ab
1028 3029 1227 3093 demovene·

185 3109 198 3143 ‘
212 3119 296 3189 runt3
313 3113 401 3175 eima
409 3110 504 3175 ltaliae
514 3112 652 3175 infectior
663 3112 721 3173 hoc
731 3132 924 3194 enumquam
935 3113 1054 3192 Africa,
1064 3115 1137 3191 fuit3
1153 3114 1228 3195 quid

187 3194 199 3228 ‘
214 3196 314 3259 dicere
322 3208 421 3280 poter,
436 3217 490 3259 cur
498 3209 530 3261 te
541 3197 733 3280 potissimum
746 3197 855 3260 ducem
865 3204 893 3239 ⁴⁵
900 3197 1068 3261 Hannibali
1078 3199 1160 3261 boati
1170 3200 1228 3263 ob-

188 3282 199 3315 ‘
214 3283 369 3365 ponant⁸i
390 3281 425 3345 Si
439 3283 545 3347 eomul
561 3304 653 3361 caece,
671 3282 887 3347 ⁴‘dictatorem
908 3284 1070 3347 dicendum
1085 3285 1228 3369 exemplo

188 3368 199 3403 ‘
214 3366 364 3450 majorum
383 3380 556 3433 poemorum
570 3389 772 3433 censeremus.
787 3390 846 3432 nec
857 3382 893 3433 tu
903 3370 935 3433 id
950 3369 1102 3452 indignari
1114 3390 1230 3453 postea,

187 3453 199 3487 ‘
214 3454 344 3535 aliquem
359 3457 391 3517 in
406 3456 529 3519 civitate
538 3454 679 3518 Romana
687 3455 843 3518 meliorem
856 3456 938 3519 bello
952 3456 1070 3535 haberi,
1081 3474 1173 3539 qnam
1184 3469 1229 3522 te.

187 3540 311 3623 ‘magia
325 3542 437 3604 nullius
449 3542 584 3620 intereat,
599 3560 690 3623 quam
705 3554 768 3619 tua,
779 3538 819 3604 Τ.
827 3542 952 3621 Otacili,
960 3562 1023 3605 non
1034 3542 1139 3627 inponi
1159 3564 1227 3606 cer-

187 3626 198 3661 ‘
212 3626 327 3690 vicibus
341 3628 402 3691 tuis
413 3649 500 3706 onera,
515 3628 571 3691 sub
579 3648 641 3710 quo
652 3627 807 3691 concidas.
828 3626 896 3710 Ego
906 3649 1091 3712 magnopere
1102 3629 1224 3708 eunden,
1269 3634 1274 3641 ’

186 3713 198 3747 ‘
213 3713 321 3777 eodem
330 3714 519 3797 animmque,
528 3714 552 3775 ei
561 3714 712 3779 stantibus
722 3714 808 3777 vobis
817 3714 849 3776 ia
860 3716 959 3779 aciem
969 3717 1095 3778 armatis
1101 3728 1229 3799 repente

185 3798 198 3832 ‘
213 3799 366 3881 deligendi
384 3800 446 3863 duo
458 3800 656 3884 imperatores
671 3814 783 3880 essent,
794 3820 923 3882 quonum
947 3802 1042 3864 ductu
1052 3814 1144 3883 atque
1158 3822 1228 3862 ana-

186 3885 292 3969 ‘picio
308 3886 504 3966 dimicaretia,
533 3886 624 3949 hodie
646 3906 765 3970 quoque
785 3886 925 3951 condes
939 3888 1064 3951 creetis:
1088 3888 1230 3969 ⁴⁷qnibna

187 3970 404 4037 ‘moramento
417 3973 503 4036 liberi
524 3972 616 4037 vestri
628 3973 744 4053 dicant,
765 3972 946 4056 adquorum
966 3974 1101 4037 edictum
1117 3994 1230 4036 conre-

348 4122 556 4174 tanmem.
835 4124 1073 4187 ‘oppoanuaGram

215 4244 238 4279 *ί
255 4242 329 4296 Etim
347 4246 409 4297 uelut
424 4256 502 4309 pecata
518 4244 586 4309 nm]
605 4245 690 4312 Super-
718 4260 779 4313 ‚nut-
810 4244 862 4295 Noa
876 4241 1015 4296 arretinum
1030 4255 1133 4297 veteram
1148 4243 1231 4295 leutic-

183 4310 472 4361 mecumtecum.
722 4322 788 4359 nem.

215 4373 358 4425 “Annibali
377 4374 433 4427 bati
450 4374 690 4441 oppum210mnc·
752 4372 777 4409 ⁴⁶
796 4371 1061 4425 hiematurum
1068 4404 1150 4426 .....
1159 4388 1230 4422 ann-

181 4436 233 4487 riur
251 4440 324 4502 nola,
348 4450 376 4491 ut
396 4440 461 4491 nobie
477 4443 551 4491 vuum
571 4453 616 4501 ιι,
634 4440 688 4491 tatia
718 4436 802 4501 m]
820 4438 1045 4489 emm
1072 4439 1197 4489 ornam.

180 4503 304 4555 πκιιιτὶι
325 4520 392 4557 erum
413 4506 450 4558 cdi
473 4509 573 4572 luent
591 4520 688 4574 W·
721 4501 1230 4561 ·uqaummttoetmtui·
