3092 5200
341 370 402 423 tao
766 362 852 421 'l'l‘l'I
871 361 973 421 nvn

173 509 317 626 iiii·
342 514 1402 685 {aan‘sflnsnnmiffinnnesitn

344 689 355 723 ‘
369 709 429 771 que
442 701 530 770 gesta
545 692 570 727 ¹⁴
579 700 755 771 quassatam
771 687 991 769 rempublicam
1003 690 1176 770 excepisse:
1190 702 1223 751 et
1235 690 1335 772 ipsum
1347 692 1402 753 iu-

342 774 355 807 ‘
369 776 529 837 tervallum
542 774 616 851 loci,
629 774 713 854 quod
727 775 760 835 iu
772 773 889 835 ultimis
903 785 1051 835 terramm
1065 774 1126 835 oris
1142 775 1270 837 alterum
1279 776 1397 839 bellum

343 859 1401 1030 1t‘t‘ttti‘tittdtffifflffinlttdtt‘i‘

345 1032 453 1095 ‘stare
467 1034 574 1095 urbem
594 1031 779 1109 Romanam,
804 1045 837 1095 et
853 1052 948 1093 uuum
968 1032 1001 1092 in
1022 1032 1123 1093 locum
1147 1044 1244 1095 totam
1266 1036 1400 1117 periculi

345 1118 359 1151 ‘
372 1120 497 1197 molem,
507 1138 598 1180 omne
609 1139 686 1181 onus
700 1119 881 1179 incubuisse.
895 1119 947 1198 qni
958 1138 1063 1179 eorum
1078 1119 1161 1201 prior
1172 1120 1303 1200 vicisset,
1313 1124 1401 1184 intra

299 1256 303 1262 ,
345 1206 485 1289 ‘paucos
497 1206 563 1268 dies
574 1216 754 1266 castracum
764 1204 862 1265 altero
866 1203 1065 1286 juncmmm!
1101 1204 1400 1291 'l'errebatetprox-

212 1338 218 1350 .
345 1292 426 1353 imus
440 1312 539 1353 annus
553 1291 688 1373 lugubris
702 1291 832 1352 duorum
848 1290 1007 1351 consulum
1027 1290 1191 1353 funeribus.
1235 1290 1293 1354 His
1308 1296 1398 1357 auxii

345 1379 426 1440 curis
449 1378 589 1439 homiues
607 1377 813 1459 digredientes
836 1377 870 1439 iu
889 1377 1060 1458 provincias
1078 1378 1216 1439 consules
1241 1382 1399 1461 prosecuti

347 1476 429 1527 sunt.
472 1463 632 1525 Memoriae
644 1463 803 1546 proditum
817 1476 876 1541 est,
891 1463 1016 1545 plenum
1032 1464 1133 1525 adhuc
1148 1466 1198 1526 ira
1208 1467 1241 1527 iu
1253 1468 1332 1529 cives
1344 1466 1398 1531 M.

177 1558 290 1607 nrum
346 1548 476 1629 Livium,
500 1550 542 1612 ad
563 1550 678 1611 bellum
701 1549 958 1632 proficiscentem,
981 1550 1119 1611 monenti
1139 1550 1179 1621 Q.
1198 1550 1303 1631 Fabio,
1317 1554 1328 1585 ‘
1342 1573 1396 1633 ne,

177 1624 325 1701 Quen
334 1638 360 1672 '‘
373 1636 555 1719 priusquam
563 1656 659 1718 geum
673 1637 809 1699 bostium
825 1648 998 1719 cognosset,
1012 1648 1126 1698 temore
1146 1657 1270 1699 manum
1285 1660 1394 1702 conse-

178 1704 249 1739 ⁰¹²
347 1722 474 1803 ‘reret’
490 1723 700 1807 respondisse:
722 1721 809 1784 ‘Ubi
823 1724 956 1806 primum
971 1722 1103 1784 hostium
1118 1744 1228 1806 agmen
1243 1746 1394 1809 conspex-

347 1808 692 1894 ‘imetpuguamromss
727 1809 830 1880 Quum
838 1821 1101 1893 quaereretur,quae
1110 1830 1219 1873 caussa
1229 1812 1394 1874 festinandi

348 1898 450 1960 osset?
474 1897 485 1930 ‘
493 1897 558 1958 Aut
571 1916 611 1958 ex
619 1897 709 1958 hoste
723 1896 879 1979 egregiam
893 1894 1044 1977 gloriam,'
1059 1896 1169 1977 inquit,
1183 1896 1256 1960 ‘aut
1267 1919 1306 1961 ex
1316 1900 1395 1960 civi-

348 1984 431 2045 ‘bus
455 1984 544 2045 victis
567 1982 724 2063 gaudium,
753 1982 896 2043 meritum
924 1994 1019 2059 certe,
1044 1982 1101 2043 etsi
1129 2002 1189 2044 uon
1218 1983 1395 2063 honestum,

347 2068 516 2152 ‘capiam’
560 2067 740 2149 Priusquam
754 2066 901 2129 Claudius
921 2068 1026 2128 consul
1042 2068 1073 2128 in
1088 2069 1268 2150 provinciam
1283 2091 1394 2153 perre-

347 2158 439 2235 niret,
453 2178 509 2239 per
523 2168 694 2217 extremum
707 2154 802 2217 finem
817 2154 882 2235 agri
894 2151 1046 2215 Larinatis
1057 2154 1216 2216 ducentem
1230 2156 1259 2215 iu
1269 2156 1392 2217 Sallen-

346 2244 429 2306 tinos
440 2242 609 2305 exercitum
620 2240 826 2303 Hannibalem
843 2244 868 2280 ¹⁸
879 2260 949 2301 cum
960 2240 1113 2322 expeditis
1122 2240 1289 2304 cohortibus
1298 2242 1394 2303 ador·

346 2342 407 2408 tus,
437 2328 474 2390 C.
500 2327 654 2391 Hostilius
677 2326 816 2389 Tubulus
846 2327 1050 2409 incomposito
1084 2328 1197 2409 agmini
1225 2328 1396 2390 terribilem

224 2418 231 2427 '
347 2417 513 2479 mmultum
526 2415 641 2477 intulit.
655 2415 694 2476 ad
710 2426 841 2495 quatuor
861 2413 956 2475 millia
972 2412 1130 2475 bominum
1145 2414 1268 2492 occidit,
1283 2434 1396 2477 norem

348 2504 438 2585 signa
451 2501 597 2565 militaria
609 2502 703 2583 cepit.
747 2498 890 2561 Moverat
906 2520 944 2560 ex
961 2499 1093 2561 hibernis
1109 2498 1149 2561 ad
1170 2499 1281 2563 famam
1296 2502 1394 2563 bostis

350 2590 390 2662 Q.
405 2588 562 2669 Claudius,
574 2588 626 2671 qui
641 2609 696 2670 per
709 2588 799 2649 urbes
815 2586 879 2668 agri
894 2582 1055 2648 Sallentini
1067 2600 1169 2649 castra
1179 2587 1325 2671 disposita
1336 2588 1395 2650 ha·

348 2676 454 2740 bebat.
500 2675 618 2756 ltaque,
633 2695 673 2736 ue
688 2694 757 2735 cum
772 2673 890 2735 duobus
905 2673 1086 2735 exercitibus
1100 2675 1189 2736 simul
1211 2676 1397 2756 confligeret,

337 2761 509 2826 'Hannibal
533 2773 624 2824 nocte
649 2772 750 2823 castra
768 2779 807 2821 ex
827 2781 902 2842 agro
924 2758 1093 2822 Tarentino
1119 2760 1232 2839 movit,
1249 2775 1337 2845 atque
1363 2762 1398 2823 iu

349 2847 490 2912 Bruttios
504 2849 664 2912 concessit.
709 2846 855 2908 Claudius
870 2846 901 2907 in
914 2843 1098 2908 Sallentinos
1110 2867 1221 2928 agmen
1236 2847 1396 2909 convertit.

351 2933 515 3014 Hostilius,
541 2935 679 3017 Capuam
701 2944 821 3016 petens,
845 2933 950 2994 obvius
974 2933 1015 2994 od
1035 2931 1199 2994 Venusiam
1221 2934 1257 2996 fit
1279 2933 1397 2996 consuli

352 3021 492 3086 Claudio.
525 3022 582 3084 lbi
597 3043 636 3084 ex
646 3033 777 3102 utroque
791 3019 926 3082 exercitu
938 3019 1037 3081 electa
1047 3018 1185 3102 peditum
1197 3021 1399 3102 quadraginta

350 3111 458 3190 millia,
472 3111 534 3172 duo
549 3109 647 3171 millia
661 3120 694 3170 et
707 3107 866 3188 quingenti
880 3105 1007 3188 equites,
1019 3107 1128 3186 quibus
1140 3107 1244 3167 consul
1257 3105 1399 3168 adversus

351 3195 559 3259 Hannibalem
574 3206 662 3258 rem¹
675 3203 813 3276 gereret:
830 3192 959 3274 reliquas
974 3193 1079 3276 copias
1094 3189 1243 3256 Hostilius
1259 3191 1398 3275 Capuam

352 3281 463 3343 ducere
470 3283 574 3365 jussis,
589 3292 625 3344 ut
636 3281 677 3352 Q.
692 3279 798 3342 Fuluio
812 3278 985 3363 proconsuli
1000 3277 1144 3352 traderet.

394 3365 480 3427 Xbl.
496 3367 663 3444 Hannibal,
682 3368 815 3450 undique
835 3377 993 3428 contracto
1015 3367 1161 3443 exercitu,
1184 3385 1274 3446 quem
1298 3365 1329 3428 io
1349 3365 1400 3428 hi-

351 3453 465 3530 bernis,
480 3462 534 3514 aut
549 3453 579 3515 in
594 3453 741 3535 presidiis
756 3453 821 3534 agri
838 3450 949 3514 Bruttii
965 3452 1121 3532 habuerat,
1145 3453 1177 3514 in
1198 3449 1336 3512 Lucanos
1357 3453 1400 3514 ad

352 3535 555 3600 Grumentum
577 3539 672 3615 venit,
699 3559 753 3619 spe
778 3539 942 3622 recipiendi
962 3539 1088 3621 oppida,
1111 3558 1176 3620 quae
1202 3558 1257 3620 per
1281 3549 1402 3600 metum

187 3631 325 3708 Nemees
354 3625 395 3688 ad
420 3623 576 3687 Romanos
599 3624 793 3686 defecissent.
815 3624 924 3686 eodem
941 3622 1107 3686 aVenusia
1121 3624 1225 3686 consul
1242 3623 1400 3688 Romanus

183 3695 325 3812 ffl'
354 3712 519 3795 exploratis
544 3710 702 3774 itineribus
727 3711 899 3788 contendit,
921 3721 954 3772 et
973 3711 1056 3772 mille
1081 3711 1143 3773 iere
1165 3721 1197 3772 et
1218 3712 1401 3794 quingentos

182 3828 239 3878 lm,
270 3778 314 3814 ω
354 3819 461 3882 possus
475 3809 575 3860 castra
590 3798 629 3858 ab
645 3797 733 3859 hoste
748 3798 842 3859 locat.
885 3795 1043 3858 Grumenti
1060 3797 1209 3858 moenibus
1228 3815 1323 3879 prope
1348 3797 1403 3858 iu·

348 3883 493 3969 junctum
520 3885 679 3948 videbatur
707 3880 880 3948 Poenorum·
897 3883 1021 3946 vallum.
1073 3887 1098 3930 ¹⁶
1110 3883 1268 3968 quingenti
1293 3903 1403 3966 passus

549 4047 842 4109 'delmmttlluteomdo
853 4044 927 4094 Grou.
938 4042 1008 4094 ΟΜ.
1073 4043 1202 4092 ¹rcsEad.

387 4184 578 4240 “weram
610 4181 764 4243 smilion
800 4195 860 4227 esre·
891 4174 1097 4240 mamarloqu
1106 4173 1192 4224 Lirim.

348 4251 417 4313 pino]
435 4249 596 4313 Fuiatequasi
615 4257 708 4310 portum
726 4246 859 4307 quemdam,
928 4241 949 4277 ¹⁶
960 4241 1083 4306 Quingenti
1098 4254 1173 4302 partus
1188 4235 1320 4300 intererunt]
1340 4235 1401 4286 Vel.

351 4326 523 4376 quoquam
541 4313 673 4379 retpottre
692 4309 756 4359 mit
770 4309 861 4373 excipe·
892 4305 942 4354 lum
973 4306 1096 4354 Poenorum
1127 4303 1236 4351 Romanis
1263 4318 1292 4350 ex
1326 4300 1403 4350 iurar-

352 4388 428 4428 retur.
892 4371 952 4418 vallo
969 4371 1122 4434 specimritus
1138 4369 1256 4418 videbatur
1274 4381 1343 4430 prope
1366 4367 1403 4414 iu·

387 4443 478 4492 ”cvm
503 4445 605 4507 aputu
634 4439 768 4504 abruta]
804 4439 858 4487 Pur.
887 4438 995 4500 junctum
1014 4437 1128 4484 munibus
1146 4433 1279 4483 Grumenti.
1313 4432 1405 4483 Revera

352 4525 401 4562 uon
420 4509 522 4572 umescit
547 4509 740 4574 prupositioasn.
770 4504 803 4556 Et
825 4505 859 4553 sic
891 4503 1010 4567 quingenti
1020 4519 1098 4569 paura
1113 4503 1240 4552 intererant
1256 4499 1317 4548 iuter
1335 4499 1403 4547 Gru·
