3092 5200
363 370 419 426 194
784 362 868 425 'rm
889 364 1005 423 mvn·
1041 364 1047 376 '

194 522 338 604 15⁸0]ssssss
361 530 507 603 proteres
522 528 576 581 sut
595 530 761 598 senatores,
775 522 861 581 “sut
871 520 922 601 qui
942 540 994 580 eos
1017 520 1212 599 magistratus
1227 522 1404 603 gessissent,

194 620 226 667 n.
238 615 335 671 c.216.
361 606 441 683 unde
464 606 496 667 in
519 616 656 667 senatum
672 606 732 687 legi
758 606 913 683 deberent,
933 624 1024 685 quum
1042 624 1097 665 sna
1114 606 1270 674 voluntate
1291 609 1403 671 milites

361 693 393 753 in
416 692 586 772 legionibus
601 692 674 753 faeti
694 704 805 753 essent.
827 678 988 773 Capttieo
1012 691 1124 773 proelio
1147 694 1206 755 tria
1230 694 1325 757 millia
1346 716 1400 778 pe·

362 777 460 839 ditum
476 788 509 839 et
522 779 640 859 equites
655 778 783 840 trecenti
798 778 947 838 dicuntur.

405 862 539 925 burm
560 875 608 924 est
637 883 740 945 pugna
760 862 940 940 Cannensis,
972 863 1101 925 Alliensi
1138 864 1219 927 eladi
1243 866 1403 931 nobilitate

360 971 432 1032 par:
454 962 589 1012 ceterum
622 961 657 1010 ut
678 950 748 1025 iliis,
787 968 853 1029 quae
875 962 945 1031 post
967 970 1101 1031 pugnam
1123 951 1274 1029 accidere,
1294 952 1399 1029 leuior,

360 1037 431 1116 quia
444 1036 485 1096 'ab
505 1036 592 1097 hoste
602 1046 752 1097 cessatum
776 1047 838 1111 est;
863 1036 906 1096 sic
922 1046 1023 1117 strage
1037 1037 1188 1117 exereitus
1208 1036 1400 1118 gravionfoe-

359 1123 495 1201 diorque.
516 1122 589 1202 fuge
609 1140 742 1201 nemque
768 1122 809 1182 ud
824 1122 934 1182 Alliam
953 1114 1033 1183 sicu't
1060 1123 1166 1183 urbem
1188 1124 1334 1204 prodidit,
1356 1122 1403 1185 ita

359 1209 525 1269 exereitum
555 1209 704 1269 servarit:
740 1207 780 1267 ad
802 1204 924 1269 Canum
961 1207 1128 1289 fugientem
1165 1208 1320 1270 consulem
1349 1208 1400 1271 vix

358 1294 553 1375 septuaginta
585 1294 680 1355 secuti
713 1304 806 1355 sunt:
844 1293 999 1354 ⁴7alterius
1022 1293 1179 1355 morientis
1201 1314 1296 1375 prope
1315 1304 1399 1356 totus

358 1382 509 1441 exereitus
531 1380 599 1441 fuit.
640 1378 727 1440 Binis
748 1380 781 1440 in
803 1380 908 1440 eastris
932 1398 1023 1459 quum
1047 1380 1210 1442 multitudo
1224 1380 1399 1441 ,semiermis

359 1466 562 1527 sinedueibus
577 1477 667 1542 esset,
689 1465 876 1542 ⁸⁸nuneium,
897 1464 948 1545 qui
975 1465 1006 1525 in
1023 1461 1185 1546 majoribus
1206 1478 1303 1541 erant,
1325 1466 1399 1527 mit-

354 1554 450 1629 tunt,
472 1553 570 1613 ‘dum
590 1552 708 1633 proelio,
734 1551 844 1612 deinde
859 1570 897 1611 ex
918 1550 1022 1613 letitia
1034 1550 1129 1632 epulis
1150 1550 1293 1633 fatigatos
1309 1550 1397 1631 quies

193 1629 320 1712 causeum
359 1639 536 1699 ‘nocturna
549 1638 653 1698 hostes
664 1646 827 1718 premeret,
847 1651 881 1698 ut
894 1636 934 1697 ad
948 1656 980 1697 se
998 1638 1174 1699 transirent:
1197 1658 1259 1698 uno
1274 1637 1398 1717 agmine

190 1697 319 1813 fflffi
358 1726 369 1756 ⁴
384 1722 549 1785 Canusium
564 1724 700 1784 abituros
710 1720 796 1783 esse.’
819 1720 897 1782 Eam
908 1724 1092 1784 sententiam
1104 1723 1154 1783 alii
1165 1734 1263 1784 totam
1273 1723 1398 1803 adspen-

191 1826 289 1888 fngium.
357 1810 446 1871 nari:
470 1808 559 1869 ‘Cur
581 1810 663 1869 enim
685 1808 765 1884 illos,
792 1808 843 1889 qui
870 1830 902 1870 se
927 1822 1090 1887 arcessant,
1114 1810 1194 1891 ipsos
1210 1828 1272 1870 non
1286 1809 1398 1887 venire,

357 1896 368 1928 ‘
382 1900 474 1978 quu'm
488 1914 573 1976 reque
586 1893 731 1976 conjungi
746 1894 894 1975 possent?
923 1895 995 1976 quia
1007 1894 1150 1957 videlieet
1161 1894 1250 1976 plena
1265 1895 1398 1955 hostium

356 1980 487 2055 ‘omnia
497 1982 529 2043 in
541 1980 642 2042 medio
653 1991 775 2043 essent:
792 1993 825 2042 et
835 1980 974 2057 nliomnr,
985 2001 1076 2064 quarn
1092 2000 1156 2057 sun,
1172 2000 1299 2063 corpora
1310 1992 1398 2042 tanto

308 2134 313 2143 ¹
356 2067 517 2147 ‘periculo
529 2068 655 2129 mallent
673 2064 829 2147 objicere!
854 2066 931 2127 Aliis
951 2086 1013 2127 non
1038 2077 1102 2127 tem
1123 2067 1276 2128 sententia
1290 2066 1396 2148 displi-

308 2222 312 2227 ,
357 2173 437 2230 cere,
460 2174 559 2237 ⁸qunrn
581 2154 699 2213 animus
715 2154 831 2213 deesse.
869 2150 902 2212 P.
927 2151 1124 2234 Sempronius
1147 2150 1319 2214 Tuditanus
1342 2152 1398 2212 tri·

355 2240 453 2299 bunus
468 2239 611 2316 rnilitum,
623 2239 633 2271 ‘
645 2237 721 2320 Cspi
733 2259 806 2318 ergo
818 2236 980 2316 metuitis}
991 2239 1099 2319 inquit,
1115 2239 1173 2300 ‘ab
1184 2239 1358 2300 avarissimo
1367 2246 1399 2299 et

299 2373 306 2393 .
356 2324 592 2385 ‘crudelissimo
618 2325 719 2402 hoste,
742 2324 945 2405 astimsrique
966 2326 1068 2407 capita
1088 2338 1200 2403 vestra,
1223 2338 1255 2388 et
1280 2323 1396 2405 exquiri

355 2410 481 2491 ‘pretia
507 2410 547 2471 ab
565 2410 833 2491 interrogantibus,
858 2408 1017 2489 Romanus
1040 2410 1113 2472 civis
1138 2412 1189 2487 sis,
1213 2432 1252 2472 an
1270 2408 1396 2472 Latinus

355 2497 367 2529 ‘
381 2497 492 2575 sos-ius,
507 2500 574 2558 ⁴”rit
598 2518 638 2557 ex
652 2509 706 2558 tua
719 2496 908 2558 contumelia
920 2506 952 2557 et
966 2496 1088 2557 miseris
1101 2496 1190 2558 alteri
1206 2498 1303 2559 honos
1315 2516 1398 2576 qure-

355 2582 485 2645 ‘roturi
509 2580 621 2644 “Non
651 2588 706 2645 tu':
731 2582 896 2664 siquidem
915 2580 950 2644 L.
973 2580 1091 2644 AEnrilii
1115 2584 1257 2662 consulis,
1286 2582 1339 2664 qui
1362 2603 1397 2644 se

354 2670 457 2730 ‘bene
471 2670 559 2748 mori,
585 2690 676 2751 quern
702 2670 833 2751 turpiter
846 2670 953 2746 vivere,
969 2669 1088 2746 maluit,
1109 2681 1142 2732 et
1155 2682 1205 2732 tot
1216 2670 1397 2732 fortissimo-

354 2757 447 2817 ‘rum
461 2757 605 2834 virorum,
634 2756 686 2837 qui
708 2756 791 2817 ciros
816 2775 885 2816 eum
912 2755 1058 2816 cumulati
1070 2753 1188 2834 jacent,
1211 2757 1291 2816 eines
1314 2755 1397 2817 ostis.

353 2840 442 2904 ‘Sed
456 2854 541 2919 ente,
555 2861 648 2924 qoam
662 2843 809 2923 obprimit
828 2842 890 2918 lux,
915 2839 1091 2922 majoraque
1118 2842 1249 2904 bostium
1270 2841 1396 2922 agmins

352 2929 541 3010 ‘obsepiunt
568 2929 637 3002 iter,
651 2949 706 3010 per
732 2928 800 3005 hos,
824 2929 874 3008 qui
895 2927 1060 2988 inordinati
1085 2937 1174 3008 atque
1196 2925 1394 3007 incompositi

352 3017 363 3049 ‘
377 3016 557 3097 obstrepunt
570 3015 678 3097 portis,
690 3033 893 3096 erumpamus.
925 3011 1018 3074 Ferro
1033 3024 1123 3094 atque
1146 3012 1274 3074 audacia
1287 3012 1338 3072 via
1347 3009 1395 3088 lit,

351 3102 514 3182 ‘quamvis
535 3121 591 3183 per
619 3099 774 3164 confertos
801 3100 913 3162 hostes.
935 3117 1034 3160 cuneo
1058 3099 1181 3180 quidem
1206 3099 1266 3160 boc
1291 3097 1396 3160 laxum

350 3189 362 3221 ‘
377 3198 468 3270 atque
482 3188 615 3250 solutum
631 3207 752 3268 agmen,
766 3198 802 3248 ut
816 3186 842 3247 si
858 3185 934 3247 nihil
945 3185 1054 3262 obstet,
1064 3185 1268 3246 transibimus.
1291 3181 1397 3264 ltaque

350 3275 418 3336 ‘ite
447 3295 578 3354 meeum,
606 3275 659 3355 qui
684 3285 717 3335 et
742 3273 943 3354 vosmetipsos
978 3282 1010 3332 et
1035 3271 1254 3352 rempublicam
1281 3269 1395 3332 salvem

381 3427 404 3463 ⁴⁶
419 3429 466 3476 Ast
480 3433 519 3492 qni
534 3445 568 3478 sos
583 3426 854 3492 ugtsmrssgssnms]
920 3427 943 3460 ⁴³
967 3423 1080 3474 anrirssr
1088 3458 1159 3474 .....
1171 3424 1273 3486 mittunt]
1300 3424 1396 3488 Supple,

349 3491 400 3546 Qui
418 3495 561 3554 magistratus
582 3494 673 3542 curules
688 3504 813 3553 genuus,
830 3494 858 3542 iis
888 3492 916 3540 sd
936 3507 975 3539 sos
988 3491 1028 3554 qui
1044 3492 1067 3538 iu
1084 3489 1209 3540 minoribns
1224 3489 1301 3538 nstris
1318 3499 1395 3537 ersus.

349 3557 393 3604 bot
405 3557 444 3619 jos
460 3567 521 3615 ent,
537 3569 593 3606 uts
614 3557 721 3619 proximis
737 3567 789 3620 post
806 3573 855 3618 ges·
920 3557 942 3591 ⁴⁹
965 3555 997 3604 Ur
1017 3572 1043 3604 ss
1063 3551 1286 3616 rummiens]
1309 3553 1345 3600 Ut
1364 3568 1395 3602 ex

349 3634 401 3668 rssn
422 3623 577 3681 magistatem
598 3635 666 3669 snum
687 3622 818 3670 tusodbus
833 3623 857 3670 in
890 3618 1169 3677 miserheteoorumelis,
1179 3617 1396 3681 perintimus

348 3696 455 3734 uastum
470 3685 518 3746 legi
531 3687 653 3734 deberent.
685 3686 763 3748 Atque
781 3687 859 3746 etism,
889 3687 1036 3748 perpetienda
1047 3684 1248 3741 indicetnnbnaos
1262 3681 1397 3744 sltsri,eui·

349 3764 473 3812 antequa·
500 3751 525 3800 in
549 3763 653 3799 senatum
676 3749 808 3812 legerentur
833 3765 858 3801 et
889 3749 946 3798 libet
957 3763 1040 3814 nempe
1053 3750 1144 3808 Larino,
1163 3759 1286 3812 queratur.
1321 3747 1396 3796 ann.

348 3827 467 3866 autores
493 3827 591 3872 mean.
604 3816 689 3864 turism
715 3827 794 3866 tsaren
822 3819 857 3864 in·
889 3814 925 3864 bel
944 3815 987 3864 hoc
1000 3816 1132 3864 institutum
1142 3811 1253 3863 hanenns
1262 3824 1400 3874 unarum,

348 3881 413 3942 gredi
431 3880 547 3944 perorsos,
567 3892 592 3928 er
614 3881 637 3927 in
659 3891 742 3929 seuseu
763 3891 859 3930 nuten-
890 3893 941 3928 ute
955 3878 1223 3944 capriniseosquisrsnr
1238 3877 1312 3926 Latini
1324 3879 1398 3926 osmi-

348 3946 407 3994 tism
427 3946 512 3994 dicere.
546 3945 609 3994 Hinc
627 3945 665 3992 ills
685 3946 769 3994 veteris
789 3947 859 3995 edisti
890 3947 925 3992 nis
943 3945 993 3992 sine
1013 3947 1088 4010 pretio
1103 3943 1239 4000 dimitteret,
1249 3943 1397 3992 nomam

348 4011 456 4070 formula,
471 4009 768 4072 queomnluutebaatur,
786 4027 857 4072 quum
888 4007 980 4059 vinosi·
989 4012 1062 4058 daret.
1094 4007 1149 4056 vid.
1162 4022 1237 4072 ηιμ,
1251 4023 1273 4056 s.
1290 4007 1314 4056 7.
1330 4007 1398 4071 inira,

348 4088 454 4124 unsrun
473 4077 592 4124 incorim
607 4087 774 4124 mvoosmms
795 4091 857 4124 aa·
888 4089 911 4122 s.
925 4077 965 4123 58·

349 4148 414 4197 tom,
425 4141 544 4201 pudisque
559 4144 585 4188 is
599 4141 858 4188 manutenendi-
921 4138 944 4172 ⁵⁰
961 4136 1059 4200 Nostis]
1078 4137 1138 4186 lilud
1153 4145 1180 4186 tn
1194 4136 1274 4200 pungit
1284 4133 1398 4182 stsdmo·

349 4205 462 4250 ακϋαι.
493 4202 801 4253 111.Α.(ὶε11.1.ιιι.ε.8.
889 4215 930 4250 ner
947 4201 1086 4262 singulorum
1101 4203 1203 4252 animos:
1218 4212 1245 4248 ut
1261 4201 1333 4246 serim
1348 4197 1399 4247 isra

384 4265 405 4299 ⁴²
421 4265 521 4314 Alterius
538 4271 648 4316 urhun
662 4283 731 4330 propa
748 4277 806 4316 totus
822 4282 859 4314 rr-
890 4277 994 4326 mosem,
1014 4281 1067 4328 qna
1088 4267 1166 4316 statim
1188 4265 1286 4326 singulos
1305 4264 1401 4319 tenuat,

350 4327 503 4391 smiemfnu]
518 4329 626 4380 Alterum
639 4333 776 4379 morientem
790 4347 860 4395 prope
892 4332 1048 4394 quamquain
1055 4330 1400 4392 sommuaedistauonsquisqua

352 4401 416 4438 totus
435 4391 548 4440 usreirm
562 4407 658 4442 seeusm
674 4407 719 4455 est,
738 4398 861 4446 souritstus
892 4397 985 4444 demum
999 4395 1155 4458 spplicstsibi.
1188 4395 1224 4444 lts
1237 4405 1401 4444 censetetsx·

352 4464 403 4504 ‘⁸2²
418 4453 686 4521 flssbfflwptiit·
892 4459 1179 4528 ponnGrmmiusbsv.
1190 4459 1368 4514 onumen).
