3092 5200
197 539 231 589 U.
242 539 272 588 C.
284 544 341 594 tar.

198 606 229 654 A.
240 605 269 652 C.
281 609 337 658 218.

198 669 294 734 Trajicit

199 734 345 788 Rhodanum.

365 393 404 447 ³4
787 383 872 446 amr
891 385 993 446 mvn

366 542 450 604 mnu
463 536 645 625 significant,
668 563 701 606 se
721 543 877 622 transisse,
897 552 931 604 er
956 490 1039 604 baud
1064 541 1171 625 procul
1193 542 1309 606 abesse.
1328 545 1413 626 quael

367 629 418 690 ubi
444 630 565 711 aceepit
591 627 756 707 Hannibal,
777 650 816 691 ne
837 628 969 712 tempori
991 629 1122 709 deesset,
1145 629 1202 691 dat
1222 631 1346 712 signum
1371 632 1414 694 ad

367 713 589 796 trajiciendum.
615 714 687 778 Jam
702 727 828 798 paratas
842 725 1024 798 aptatasque
1038 716 1173 778 babebat
1186 716 1280 798 pedes
1295 717 1413 780 lintres.

367 802 507 883 ¹equites
522 803 583 864 fere
598 813 722 885 propter
735 821 829 883 equos
850 812 960 864 nantes
982 801 1104 863 narium
1128 823 1251 884 agmen,
1271 804 1413 865 edenti·-

367 889 512 971 piendum
527 889 642 951 adversi
662 890 800 971 inpetum
821 888 952 951 fluminis
971 897 1059 970 parte
1076 890 1232 972 superiore
1254 887 1413 954 transmit-

368 987 447 1053 tens,
473 976 724 1056 tranquillitatem
744 975 823 1037 infra
841 973 1063 1057 tmjioientibns
1084 976 1223 1038 lintribus
1243 978 1411 1060 prebebat.

367 1059 523 1143 Equorum
539 1078 609 1146 pars
625 1081 738 1145 magna
756 1073 865 1124 nantes
891 1061 963 1124 loris
989 1081 1009 1123 a
1029 1064 1181 1145 puppibus
1202 1064 1410 1143 trahebantur,

367 1159 475 1230 praeter
509 1169 572 1228 eos,
607 1155 682 1232 quos
718 1149 919 1210 ¹⁰inntruetoa
952 1148 1158 1230 frenatosque,
1188 1161 1224 1213 ut
1254 1153 1410 1234 extemplo

368 1238 1409 1403 ‘illeiltttrlltlttltibimet-‘talisne

367 1419 519 1490 cantuque
544 1409 637 1472 moris
660 1410 716 1488 sui,
738 1407 912 1490 quatientes
931 1419 1020 1471 scuta
1040 1428 1132 1492 anper
1152 1411 1266 1491 eapite,
1287 1411 1408 1474 vibran-

367 1507 472 1582 tesque
497 1496 611 1558 deutris
637 1496 716 1558 telae
747 1499 966 1576 ¹¹quemquam
993 1505 1027 1557 et
1055 1515 1095 1558 ex
1122 1496 1248 1558 adverso
1274 1498 1409 1560 terrebat

365 1593 454 1646 tonte
468 1582 512 1644 vis
526 1583 646 1645 navium
662 1603 732 1645 cum
747 1581 864 1663 ingenti
881 1603 957 1644 sono
977 1581 1109 1644 fluminis
1124 1595 1158 1644 et
1177 1584 1310 1646 elamore
1323 1585 1409 1647 vario

365 1669 525 1731 nautarum
549 1678 581 1732 'et
600 1667 742 1747 militum,
769 1668 821 1749 qui
846 1668 1022 1732 nitebantur
1047 1687 1242 1753 perrumpere
1270 1671 1406 1753 inpetum

365 1753 506 1832 fluminis,
522 1767 554 1819 et
570 1755 620 1836 qui
641 1775 680 1817 err
700 1755 796 1817 altera
817 1755 886 1837 ripa
907 1753 1093 1836 trajicientes
1107 1777 1179 1818 suos
1194 1758 1407 1822 hortabantur.

363 1839 435 1902 Jern
463 1840 538 1904 salis
569 1853 712 1924 paventes
743 1841 869 1903 adverso
897 1841 1031 1904 tumultu
1060 1843 1222 1905 terribilior
1250 1845 1290 1904 alt
1319 1857 1410 1926 tergo

273 1973 278 1984 .
364 1923 487 1990 adortus
517 1929 642 2008 elamor,
673 1929 780 1991 caenia
806 1925 1027 1991 ab‘Hanrrone
1050 1930 1157 2011 captis.
1185 1936 1257 1991 mox
1283 1941 1316 1992 et
1341 1931 1408 2012 ipse

366 2014 482 2092 aderat,
498 2033 670 2098 ancepsque
686 2025 785 2077 terror
799 2014 1027 2094 circumstabat,
1053 2019 1078 2056 ¹¹
1088 2027 1120 2077 et
1136 2036 1154 2077 e
1172 2016 1297 2077 navibus
1317 2027 1410 2077 tanta

362 2101 392 2160 vi
418 2111 604 2162 armatorum
631 2102 661 2164 in
694 2111 807 2163 terram
836 2102 995 2182 eveniente,
1024 2114 1056 2164 et
1082 2103 1122 2163 ab
1142 2113 1231 2184 tergo
1253 2102 1409 2185 inprovise

363 2196 522 2266 premente
536 2187 601 2248 acie
611 2189 632 2250 ¹.
675 2184 767 2267 Galli,
784 2191 809 2226 ¹¹
819 2198 991 2270 postquam,
1005 2187 1107 2252 ultr0¹
1120 2189 1182 2250 rim
1196 2188 1297 2250 faeere
1309 2199 1407 2251 eona·

284 2322 286 2328 .
363 2272 398 2348 ti,
413 2271 602 2353 pellebantur
610 2285 635 2352 ¹,
655 2291 716 2355 qua
730 2285 835 2356 patere
848 2275 945 2337 visum
961 2275 1094 2337 maxime
1112 2275 1181 2354 lter,
1195 2287 1406 2358 perrumpunt,

197 2526 319 2592 Elephanti

196 2595 310 2659 quomodo

195 2661 293 2724 traiecti.

363 2357 534 2440 trepidique
548 2359 581 2420 in
595 2361 679 2422 vicus
694 2363 808 2443 passim
831 2381 902 2423 suos
917 2361 1091 2443 diffingiunt.
1134 2359 1301 2441 Hannibal,
1324 2374 1406 2424 oete*

363 2444 403 2504 ris
418 2445 515 2528 copiis
530 2465 584 2528 per
598 2448 694 2510 ouum
711 2447 857 2529 trajectis,
884 2467 1028 2530 spernam
1049 2447 1116 2530 jam
1137 2446 1273 2511 Gallieos
1294 2449 1406 2511 mmul·

362 2541 423 2610 tus,
444 2542 544 2594 omtra
558 2533 651 2596 locat.
694 2533 936 2617 Eleplsantomm
955 2534 1206 2618 trajiciendomm
1228 2536 1313 2598 varia
1331 2552 1407 2598 uuna

363 2618 430 2679 silia
448 2618 539 2681 inisse
558 2623 670 2683 eredat
695 2634 778 2684 eerte
798 2622 917 2683 variata
934 2624 1085 2685 memoria
1104 2635 1181 2686 eote
1201 2622 1254 2685 rei.
1273 2621 1406 2704 quidam,

362 2707 554 2787 congregatis
574 2708 615 2769 ad
634 2709 732 2790 ripam
755 2708 937 2791 elephantis,
965 2709 1101 2788 tradunt,
1125 2710 1348 2772 ferocissimum
1367 2730 1407 2772 ex

361 2792 397 2853 iis
428 2792 578 2855 irritatum
609 2796 648 2856 ab
670 2807 789 2858 rectore
810 2814 877 2874 sno,
900 2814 994 2877 quum
1016 2796 1218 2878 retugientem
1241 2798 1273 2857 in
1295 2814 1407 2877 aquam

360 2889 485 2941 nantem
506 2892 689 2963 sequeretur,
719 2882 848 2943 traxisse
873 2899 1010 2963 gregem,
1036 2884 1106 2944 ¹⁴ut
1125 2900 1275 2963 quemque
1293 2884 1407 2944 timon*

360 2976 422 3026 tem
443 2965 635 3030 altitudinem
656 2968 837 3030 destituerat
856 2968 978 3047 vadum,
1002 2970 1106 3050 iopam
1130 2966 1354 3048 ipsoiluminis
1375 2970 1408 3031 in

416 3144 1118 3211 ‘uenurouurorumtur.roeuesrustr.tnptprsretu
1132 3150 1357 3203 mamerti.

359 3216 370 3243 ¹
386 3211 445 3260 utrm
456 3212 501 3263 del.
512 3209 581 3262 Cret.
591 3214 652 3261 aelim
660 3215 706 3277 leg.
716 3224 808 3277 utraque
816 3215 890 3265 Doer.
901 3214 961 3279 liup.
1008 3220 1021 3246 ¹
1036 3215 1096 3264 ultro
1102 3215 1243 3277 pellebantur
1251 3217 1326 3269 Gron.
1338 3218 1407 3271 Grer.

389 3341 402 3380 θ
469 3344 578 3409 iterfere
605 3354 692 3408 propter
722 3360 785 3409 equor
810 3361 868 3394 nun·
900 3346 1406 3397 dloentmeteueeourunrattunua·

359 3408 401 3468 ter]
461 3411 535 3457 auium
561 3424 641 3471 agmen
670 3413 779 3471 tapnim
806 3412 868 3459 liudi
899 3420 972 3459 torua
987 3414 1013 3459 irs
1031 3419 1112 3460 tmere
1127 3414 1239 3479 mdeste,
1256 3423 1279 3462 et
1299 3416 1328 3463 alr
1343 3424 1406 3479 tergo

356 3480 421 3531 perte
448 3474 595 3520 munitam
627 3476 715 3535 equitet,
745 3475 785 3535 qui
802 3475 867 3538 sere,
898 3477 1197 3537 immemoris.

361 3533 408 3580 sire
431 3549 528 3595 qnorum
561 3536 664 3599 plerique
686 3548 752 3586 eram
770 3548 868 3600 mer,
933 3541 953 3575 ¹³
970 3539 1087 3602 Postquam
1107 3544 1152 3590 einr
1163 3542 1246 3607 ficere
1265 3546 1348 3605 menti,
1367 3544 1406 3591 erl·

361 3611 403 3644 seu
426 3609 496 3663 prope
518 3610 580 3677 equqe
607 3610 695 3681 amus,
716 3604 868 3681 tranquillite-
898 3613 933 3652 tro
951 3599 1100 3680 pellebantur]
1121 3605 1243 3671 Postquam
1261 3609 1307 3685 rim
1328 3609 1406 3657 iacere

361 3664 529 3775 iifflb‘iii
548 3664 867 3795 ‘iiii'fllsmqiiimiss
897 3672 1409 3798 :tttl0”„t⁰lttf”1t·ltl·tt;ff

361 3805 443 3839 omnes
466 3792 559 3855 'equirat
584 3809 654 3857 prope
692 3810 716 3845 ae
751 3797 869 3848 trabebant
899 3799 962 3847 uorii
982 3799 1084 3850 editione
1102 3803 1163 3851 male
1192 3801 1286 3866 traiecta
1305 3814 1342 3853 est
1362 3810 1409 3853 tos

363 3872 436 3919 equos
466 3869 555 3907 uanam.
599 3858 725 3923 siquiden,
754 3872 782 3909 ut
807 3864 868 3913 inira
899 3865 976 3911 alm.-
989 3873 1101 3926 postquess
1127 3868 1189 3915 ultra
1211 3870 1256 3916 oiru
1267 3868 1348 3932 faeere
1370 3884 1409 3917 ee·

362 3932 513 3982 memoratur,
545 3922 631 3985 aliquot
665 3942 736 3988 equor
762 3926 869 3977 inerraroe
900 3930 957 3975 nuri.
999 3928 1056 3977 Non
1087 3932 1230 3995 wernoni·
1257 3942 1338 3981 mesen
1369 3944 1409 3983 eet

361 3988 509 4051 fraenosque
519 3988 544 4036 in
555 4002 624 4036 naves
634 3990 797 4054 imposuerant.
902 3992 971 4040 usim
993 3994 1079 4045 codicia
1096 3993 1248 4060 aenptmasb
1269 4000 1352 4047 eodem
1372 4000 1410 4048 al·

398 4053 419 4086 ¹⁰
435 4052 555 4103 trutinetur
573 4054 721 4119 limatoque]
744 4058 868 4117 Legatum
902 4054 966 4105 lata:
995 4074 1064 4121 quam
1091 4073 1173 4110 tuetur
1196 4076 1259 4111 unm
1278 4078 1371 4126 quoque
1394 4079 1409 4112 e

275 4114 279 4117 '
365 4117 482 4165 Gronorio
498 4134 528 4167 es
543 4118 679 4169 auctoriate
697 4121 868 4169 duorumcodi-
902 4123 993 4173 nostris.
1026 4117 1260 4189 Poerquusrrtroqua
1279 4128 1366 4185 idest,
1384 4130 1409 4177 ia

367 4183 537 4231 nominaretur.
902 4197 1138 4252 utramquepartem,
1159 4203 1210 4239 rum
1232 4194 1257 4239 iu
1279 4210 1319 4241 eea
1337 4195 1409 4255 qaia

400 4242 421 4275 ¹¹
438 4242 575 4306 ernrrqusur
595 4256 619 4293 er
633 4264 659 4296 er
673 4246 772 4308 advene]
797 4246 869 4296 Reti·
901 4249 1049 4309 stertentum
1066 4256 1091 4302 in
1102 4269 1143 4303 eos
1153 4259 1194 4318 qui
1213 4268 1310 4319 arergo
1320 4259 1411 4308 adorie-

368 4304 439 4351 denda
451 4308 538 4355 videtur
546 4312 653 4373 particule
662 4322 690 4360 et.
898 4312 990 4371 bantur,
997 4318 1125 4381 oimfueerre
1131 4324 1365 4384 mutuaenutuae.

400 4370 420 4405 ¹¹
437 4368 586 4420 Eteneoibru
604 4384 666 4423 tauro
676 4374 719 4437 m'a]
743 4376 867 4436 Legeom·
933 4379 952 4411 ¹⁴
972 4378 1003 4426 Ut
1034 4398 1139 4445 quernaque
1169 4386 1292 4448 atumem]
1336 4388 1410 4439 Prosit

366 4433 422 4479 nino
443 4449 472 4479 ex
492 4434 579 4483 duobus
605 4438 696 4501 scriptis
719 4456 731 4487 a
752 4440 868 4489 Gronorio
896 4442 995 4505 quisque
1013 4445 1187 4510 elephantomm
1210 4451 1297 4501 timeus
1329 4453 1410 4503 alabu-

366 4497 447 4555 allaris,
462 4498 566 4563 aquibus
582 4515 642 4549 unua
659 4518 674 4552 e
691 4505 774 4553 nostrie
788 4521 868 4569 perum
899 4509 1336 4574 mmemaemenisuetaur.
