3092 5200
466 370 544 430 ua
559 371 659 430 XXX
679 371 761 430 cnr.
774 371 868 431 XLV.
1151 373 1207 430 691

158 525 173 560 ‘
189 524 240 587 diu
252 525 387 607 quiscere
399 536 510 608 potest.
522 526 547 586 si
560 527 632 586 foris
650 526 770 588 hostem
784 523 961 599 nonhabet,
976 522 1059 585 domi
1072 521 1207 584 inuenit:
1222 531 1293 581 tte.
1302 535 1360 584 stt.

160 611 174 644 ‘
189 622 223 672 ut
240 611 402 694 praevalida
421 631 548 694 corpora
567 612 606 671 ab
623 612 756 672 externis
778 610 890 672 caussis
906 621 974 670 tuta
989 609 1139 684 videntur,
1155 609 1209 670 sed
1221 594 1291 648 Ᾰό·
1303 599 1348 647 ²⁰¹

155 697 172 731 ⁴
187 697 248 758 suis
264 699 330 779 ipsa
343 697 455 758 viribus
472 707 644 758 onerantur.
686 694 832 773 Tanttrm,
847 694 1001 772 nimirum,
1023 714 1062 756 ex
1079 694 1208 776 publicis

161 782 175 816 ‘
190 783 278 844 malis
290 783 447 860 sentimus,
459 794 604 863 quantum
617 782 657 843 ad
673 782 805 864 privatas
819 801 866 842 res
879 780 1027 861 pertinet:
1051 801 1109 840 nec
1121 779 1208 841 ineis

165 869 178 904 ⁴
194 869 357 950 quidquam
370 869 477 946 aerim,
487 888 578 948 quam
590 868 724 948 pecunia
737 865 892 942 damnum,
901 865 1047 926 stimulat.
1091 863 1208 948 ltaque,

166 953 180 986 ‘
196 973 288 1034 quum
303 954 399 1036 spolia
409 953 497 1016 victae
508 952 688 1034 Karthagini
701 951 948 1028 detrahebantur,
959 970 1051 1031 quum
1062 949 1208 1012 inermem

162 1038 177 1072 ‘
187 1037 253 1119 jam
266 1061 302 1100 ac
314 1039 426 1100 nudam
436 1039 561 1100 destitui
573 1039 653 1110 inter
664 1048 713 1099 tot
722 1049 853 1098 armatas
864 1046 971 1118 gentes
982 1036 1092 1097 Africa
1103 1055 1209 1098 eerne-

163 1123 177 1156 ‘
193 1125 275 1200 retis,
286 1145 376 1186 nemo
386 1125 545 1204 ingemuit.
563 1145 654 1201 nune,
671 1123 743 1203 quia
758 1124 905 1184 tributum
917 1143 957 1183 ex
971 1122 1088 1204 privato
1105 1121 1210 1182 conse·

163 1209 176 1244 ⁴
191 1210 317 1271 rendum
330 1221 386 1286 est,
398 1220 551 1290 tamquam
564 1210 596 1269 in
609 1209 732 1291 publico
747 1209 850 1270 htnere
861 1207 1066 1290 comploratia.
1110 1207 1210 1276 Quam

164 1293 306 1372 ‘vereor‚
321 1314 360 1354 ne
381 1295 557 1376 propediem
578 1295 727 1372 sentiatis,
751 1294 903 1355 levissimo
918 1294 949 1354 in
961 1293 1043 1354 malo
1053 1314 1107 1354 vos
1119 1292 1211 1354 hodie

164 1378 176 1413 ‘
191 1379 364 1442 lacrimasse
379 1379 403 1440 !'
432 1378 506 1442 Haec
524 1379 677 1442 Hannibal
690 1380 771 1462 apud
783 1378 1064 1460 Karthaginienses.
1093 1376 1211 1460 Scipio,

165 1466 315 1526 concione
331 1466 488 1543 advocata,
511 1464 779 1544 hlasinissam,·ad
802 1487 928 1547 regnum
944 1476 1104 1546 paternum
1125 1462 1212 1526 Cirta
1223 1486 1347 1538 Mana-

150 1551 282 1632 ·oppido
298 1563 330 1612 et
348 1553 457 1613 ceteris
472 1553 594 1613 urbibus
610 1552 759 1634 agrisque,
771 1572 837 1633 qure
853 1572 892 1612 ex
906 1571 1001 1631 regno
1015 1547 1166 1632 Syphacis
1179 1551 1211 1610 in
1222 1567 1293 1631 naue
1302 1553 1349 1616 ay-

165 1636 270 1718 populi
286 1636 417 1698 Romani
437 1647 620 1719 potestatem
640 1638 802 1715 venissent,
823 1635 951 1719 adjectis
973 1636 1110 1697 donavit.
1153 1617 1352 1734 ⁰¹¹·de

166 1721 328 1784 Octavium
352 1722 479 1784 classem
501 1724 533 1785 in
548 1721 683 1785 Siciliam
705 1724 829 1785 ductam
850 1720 908 1783 Cn.
929 1719 1072 1784 Cornelio
1095 1722 1211 1783 consuli

167 1808 287 1870 tradere
307 1807 409 1888 jussit.
430 1809 545 1890 legatos
567 1807 868 1890 Karthaginiensium
894 1807 1025 1869 Romam
1051 1807 1212 1889 proficisci,
1295 1827 1305 1836 ·

165 1903 211 1969 ut,
234 1914 299 1974 quae
314 1895 352 1954 ab
374 1915 407 1955 se
422 1915 460 1956 ex
475 1895 580 1957 decem
596 1895 766 1976 legatorum
778 1894 929 1957 sententia
949 1904 1020 1954 acta
1039 1904 1152 1972 essent,
1174 1915 1213 1956 ea

167 1975 291 2040 Petrum
303 1980 485 2042 auctoritate
495 1981 658 2064 populique
668 1979 753 2062 jussu
769 1981 1029 2042 confirmarentur.

210 2061 307 2132 XLV.
328 2065 405 2128 Pace
418 2077 499 2127 terra
511 2068 646 2147 marique
661 2079 758 2148 parta,
771 2067 904 2128 exercitu
917 2067 948 2127 in
960 2085 1050 2127 naves
1065 2065 1211 2148 inposito,
1223 2077 1300 2144 sapio
1309 2077 1357 2129 Ro·

157 2145 201 2210 'in
217 2147 353 2212 Siciliam
376 2150 541 2235 Lilybaeum
558 2152 689 2234 trajecit.
710 2153 781 2214 inde
801 2173 914 2234 magna
930 2168 1016 2234 parte
1032 2151 1162 2212 militum
1179 2153 1211 2213 in
1223 2160 1285 2193 Μ
1294 2160 1362 2195 Μ

168 2236 294 2296 navibus
308 2237 411 2314 missa,
434 2239 498 2318 ipse
510 2259 564 2319 per
575 2239 672 2300 laetam
685 2259 761 2320 pace
777 2260 838 2299 non
851 2239 962 2315 minus,
972 2257 1063 2319 quam
1074 2238 1211 2316 victoria,
1223 2221 1357 2340 ww*

168 2317 301 2399 ltaliam,
322 2321 422 2382 effusis
437 2343 497 2383 non
513 2324 635 2384 urbibus
654 2325 747 2386 modo
766 2325 807 2386 ad
827 2324 984 2386 habendos
1000 2324 1142 2401 honores,
1157 2324 1214 2385 sed

168 2408 332 2486 agrestium
352 2408 444 2468 etiam
465 2409 555 2470 turba
569 2409 727 2470 obsidente
741 2411 816 2487 vias,
840 2407 971 2470 Romam
991 2410 1139 2491 pervenit,
1158 2410 1213 2470 tri-

169 2493 345 2574 umphoque
360 2494 495 2554 omnium
510 2495 677 2556 clarissimo
688 2495 793 2556 urbem
806 2506 854 2555 est
864 2496 1009 2557 invectus.
1046 2497 1072 2534 '³
1084 2494 1214 2576 Argenti

170 2577 284 2639 tulitin
300 2579 435 2641 erarium
447 2580 549 2661 pondo
564 2593 686 2643 eentum
702 2580 799 2641 millia
808 2581 916 2661 viginti
932 2581 1001 2641 tria.
1014 2580 1161 2645 militibus
1175 2602 1215 2643 ex

169 2664 268 2745 pmda
283 2666 308 2704 ⁸⁸
319 2666 527 2745 quadragenos
542 2666 608 2725 aris
624 2665 735 2727 divisit.
779 2664 884 2727 Morte
900 2667 1072 2727 subtractus
1093 2678 1214 2748 specta-

170 2748 240 2807 culo
255 2748 353 2827 magis
368 2748 535 2825 hominum,
551 2770 642 2830 quam
662 2750 876 2831 triumphantis
890 2751 1005 2831 gloriae,
1016 2747 1143 2832 Syphax
1157 2764 1215 2830 est,

167 2830 282 2893 Tibure
297 2832 378 2893 haud
393 2832 436 2893 its
457 2834 553 2893 multo
576 2844 646 2893 ante
666 2845 814 2912 mortuus,
833 2854 894 2915 quo
909 2836 948 2896 ab
962 2834 1043 2895 Alba
1059 2835 1215 2898 traductus

170 2916 280 2979 fuerat.
336 2919 361 2964 ⁸⁷
387 2930 551 2999 conspecta
577 2939 657 2979 mors
680 2930 784 2980 tamen
816 2918 879 3001 ejus
903 2920 970 2997 luit,
996 2920 1067 3001 quia
1091 2921 1215 3003 publico

122 3008 128 3019 '
169 3001 276 3064 timere
288 3003 450 3065 estelatus.
494 3002 585 3065 Hunc
597 3024 699 3085 regem
711 3006 743 3066 in
754 3006 912 3087 triumpho
926 3006 1051 3067 ductum
1062 3005 1215 3089 Polybius,

170 3088 405 3169 haudquaquam
420 3089 735 3171 spernendusauctor,
748 3091 851 3153 tradit.
895 3090 1024 3153 Secutus
1038 3088 1214 3174 Scipionem

172 3174 411 3256 triumphantem
422 3186 468 3237 est
487 3177 512 3215 ⁸⁸
521 3176 601 3259 pileo
613 3177 705 3258 capiti
718 3178 850 3259 inposito
862 3177 903 3247 Q.
915 3175 1078 3239 Terentius
1089 3177 1213 3240 Culleo:

172 3260 316 3341 omnique
336 3260 530 3339 deindevita‚
542 3272 577 3323 ut
598 3261 724 3344 dignum
743 3274 818 3340 erat,
829 3263 976 3325 libertatis
990 3273 1144 3326 auctorem
1160 3286 1214 3327 co·

171 3344 239 3407 luit.
283 3345 461 3408 Africanum
472 3368 642 3429 cognomen
655 3348 796 3410 militaris
807 3350 889 3430 prius
903 3350 998 3427 favor,
1008 3370 1048 3411 an
1062 3351 1215 3431 popularis

171 3451 255 3505 aura,
273 3432 476 3510 celebraverit,
489 3454 538 3511 an,
558 3434 646 3495 sicuti
662 3432 769 3495 Felicis
786 3434 878 3497 Sulla
893 3434 1061 3518 Magnique
1080 3434 1216 3519 Pompeii

172 3527 293 3598 patrum
305 3518 461 3597 memoria,
473 3531 607 3602 coeptum
619 3520 657 3580 ab
673 3519 885 3583 adsentatione
895 3521 1035 3583 familiari
1046 3522 1097 3599 sit,
1107 3542 1215 3605 parum

172 3614 362 3685 compertum
395 3604 505 3666 habeo.
564 3604 680 3667 Primus
705 3618 787 3668 certe
820 3607 870 3669 hic
900 3607 1063 3691 imperator
1092 3608 1215 3669 nomine

171 3687 257 3750 victae
289 3690 328 3750 ab
356 3710 388 3750 se
417 3691 516 3771 gentis
545 3702 592 3752 est
613 3691 799 3754 nobilitatus.
822 3693 962 3775 exemplo
986 3692 1095 3755 deinde
1115 3692 1215 3775 hujus,

172 3792 362 3855 nequaquam
384 3773 512 3837 victoria
536 3797 635 3858 pares,
651 3778 785 3859 insignes
800 3779 967 3861 imaginum
986 3779 1092 3841 titulos
1118 3780 1216 3841 clara·

173 3878 231 3939 que
242 3860 427 3940 cognomina
440 3862 562 3924 familia
576 3863 685 3925 fecere.

202 3988 225 4021 ⁸⁵
241 3988 433 4053 &ganimands
448 4002 535 4041 eanum
552 3992 624 4041 millio
641 3995 674 4041 n·-
740 3994 762 4031 ⁸⁷
780 3993 907 4058 Οοπφοαα]
931 3996 1009 4058 Vulgo
1031 4008 1085 4045 nota
1104 4007 1129 4045 st
1145 4013 1213 4063 spec.

167 4052 228 4117 gau
245 4052 301 4113 rsa]
329 4054 428 4105 suram
444 4066 558 4107 numm
573 4057 674 4107 isarae.
705 4068 761 4109 aa.

169 4120 341 4165 rmetemuncla
351 4122 433 4169 minus.
738 4121 1210 4188 lal'ileooupltis'mpon‘to]inavidelicet

202 4178 225 4215 ⁸⁶
241 4180 397 4246 Quadrogenos
406 4185 466 4248 cris]
490 4185 674 4235 Binosdenarios
706 4188 779 4251 pireus
798 4200 848 4236 erat
867 4202 968 4253 receptae
985 4190 1100 4241 libertatis
1115 4192 1212 4252 inepte.

168 4247 340 4361 mpusleerq‘sse,
355 4250 394 4312 qni
410 4254 530 4315 aquatam
551 4264 620 4313 μοι
636 4264 674 4297 ar·
708 4252 723 4281 ⁶
736 4252 866 4317 vianupn
877 4266 953 4305 xxiv.
965 4254 1004 4305 16.

169 4325 197 4373 ιε
289 4342 298 4359 .

461 4429 704 4503 1²1leth
727 4430 914 4496 ΞΕΟΙΙΝὈΙ
