3092 5200
332 353 392 413 aas
749 335 953 414 l‘mmm

164 530 199 582 u,
210 527 240 578 c.
251 527 306 582 542
332 509 438 574 ‘unde
457 510 645 574 redimantur
659 509 794 592 quidem,
814 510 979 594 quidquam
1001 508 1176 594 superesse?
1220 507 1297 574 Hac
1312 531 1376 574 uon

164 593 302 646 ΜΝ·
332 599 363 660 iu
379 599 511 677 occulto,
534 599 588 662 sed
602 598 762 682 propalam
783 598 815 658 iu
838 596 905 659 foro
920 609 1012 678 atque
1026 597 1121 660 oculis
1141 598 1277 682 ipsorum
1298 621 1376 662 con·

332 684 433 746 sulum
458 685 564 766 ingens
587 686 677 748 turba
699 683 873 746 circumfusi
896 683 1088 746 fremebant:
1121 705 1179 747 nec
1200 706 1255 747 eos
1268 685 1375 748 sedare

332 771 481 848 consules,
495 791 575 833 nunc
590 771 781 852 castigando,
797 791 878 832 nunc
893 769 1090 849 consolando,
1099 782 1252 852 poteraut.
1293 771 1372 856 Spa-

331 858 408 920 tium
425 857 535 920 deiude
549 859 598 920 his
612 857 706 920 tridui
721 878 753 920 se
767 858 841 920 dare
856 857 897 918 ad
910 856 1109 938 cogitandum
1127 857 1288 921 dixerunt:
1311 879 1373 940 quo

332 943 388 1027 ipsi
402 944 441 1005 ad
456 963 521 1006 rem
535 945 757 1026 inspiciendam
771 943 1052 1028 expediendumque
1062 943 1109 1004 usi
1123 957 1205 1006 suut.
1227 943 1375 1008 Senomm

167 1060 303 1112 effi„
330 1041 454 1114 postero
468 1031 518 1092 die
532 1031 705 1094 habuerunt
726 1030 766 1092 de
787 1030 936 1114 remigum
950 1029 1184 1114 supplemento:
1206 1031 1258 1093 ubi
1281 1053 1386 1114 quum,

166 1127 194 1175 te
205 1141 239 1175 re.
331 1117 429 1178 mults
443 1117 663 1194 disseruissent,
679 1137 733 1179 cur
747 1137 834 1199 aequa
845 1116 942 1200 plebis
956 1117 1107 1179 recusatio
1120 1129 1211 1197 esset,
1220 1131 1376 1180 verterunt

332 1205 502 1265 orationem
517 1224 564 1282 eo,
579 1219 614 1266 ut
634 1203 781 1282 dicerent,
800 1201 950 1265 ‘Privatis
964 1202 1007 1281 id,
1027 1224 1081 1265 seu
1096 1223 1225 1284 {equum
1245 1225 1296 1267 seu
1310 1205 1371 1266 iui-

332 1290 462 1371 ι(ιιιιιιιι,
477 1309 554 1351 onus
568 1289 789 1373 injungendum
803 1311 878 1352 esse.
922 1287 1003 1350 Nam
1021 1290 1114 1367 unde,
1136 1310 1228 1371 quum
1242 1291 1373 1372 pecunia

332 1376 343 1409 ‘
358 1377 390 1437 in
404 1377 509 1438 serario
524 1397 585 1438 non
603 1388 694 1454 esset,
710 1389 869 1458 paraturos
883 1378 909 1416 ⁸⁶
920 1376 1043 1438 navales
1063 1376 1185 1438 socios?
1209 1376 1371 1446 Quomodo

332 1462 460 1524 ‘autem
471 1463 536 1524 sine
547 1463 693 1525 classibus
708 1475 760 1525 aut
778 1462 914 1526 Siciliam
931 1463 1073 1541 obtineri,
1089 1475 1144 1524 aut
1155 1460 1245 1525 Italia
1255 1461 1369 1547 Philip·

332 1548 431 1631 ‘pum
447 1550 542 1611 arceri
557 1571 658 1632 posse,
681 1561 734 1611 aut
747 1561 814 1612 tuta
829 1547 925 1611 ltalia
938 1549 1030 1610 litora
1043 1569 1109 1610 esse
1119 1547 1144 1610 l'

375 1633 524 1698 XXXVI.
545 1635 646 1706 Quum
671 1637 704 1697 in
724 1637 784 1698 hac
799 1635 977 1698 difficultate
992 1656 1090 1696 rerum
1106 1636 1267 1698 consilium
1279 1636 1373 1698 baere-

168 1733 388 1800 taeviatcmret
411 1743 446 1784 ac
469 1743 565 1806 prope
588 1733 694 1805 torpor
717 1723 841 1806 quidam
865 1733 1047 1804 occupasset
1066 1722 1226 1790 bominum
1247 1735 1376 1801 mentes,

166 1803 287 1853 *Mi*
332 1821 398 1870 tum
422 1807 559 1872 rannus
583 1809 700 1886 consid,
722 1807 950 1890 ‘Magistratus
963 1809 1097 1884 senatui,
1112 1819 1145 1871 ct
1159 1820 1296 1871 senatum
1317 1830 1375 1892 po

330 1896 342 1928 ‘
357 1895 440 1979 pulo,
455 1898 481 1942 ⁸7
492 1895 572 1956 sicut
585 1896 701 1958 honore
716 1906 870 1978 praestent,
881 1896 927 1957 ita
939 1895 980 1973 ad
993 1895 1106 1971 omnia,
1116 1915 1182 1977 quae
1193 1894 1269 1956 dura
1283 1906 1377 1976 atque

330 1982 464 2066 ‘aspera
482 1992 593 2060 essent,
618 1981 778 2044 subeunda
801 1981 916 2043 ducesr
941 1981 1052 2043 debere
1066 2001 1142 2043 esse.
1186 1979 1219 2042 si
1234 1980 1308 2062 quid
1322 1983 1378 2042 in·.

330 2065 482 2150 ‘jungere
497 2069 629 2130 inferiori
643 2069 729 2146 velis,
753 2068 785 2130 id
800 2067 882 2151 prius
896 2067 927 2129 in
949 2079 981 2128 te
1007 2087 1043 2127 ac
1067 2078 1136 2128 tuos
1160 2068 1185 2128 si
1207 2068 1271 2150 ipse
1291 2065 1372 2148 juris

330 2154 508 2232 ‘statueris,
535 2153 654 2215 facilius
678 2176 785 2216 omnes
811 2153 988 2216 obedientes
1012 2153 1131 2215 habeas.
1159 2173 1215 2214 nec
1241 2153 1373 2235 inpensa

330 2241 454 2320 ‘gravis
480 2250 538 2318 est,
561 2261 653 2320 quum
678 2262 718 2302 ex
740 2262 779 2302 ea
800 2241 827 2278 ⁸⁸
842 2241 909 2322 plus
932 2259 1023 2320 quam
1045 2260 1100 2321 pro
1119 2239 1198 2302 virili
1212 2251 1299 2322 parte
1313 2241 1374 2301 sibi

330 2326 506 2406 ‘quemque
531 2345 639 2408 capere
662 2327 835 2409 principum
860 2326 973 2386 vident.
1016 2323 1120 2406 ltaque
1134 2325 1247 2386 classes
1261 2326 1375 2387 babere

329 2411 340 2442 ‘
356 2422 448 2492 atque
461 2431 569 2472 ornare
577 2411 715 2473 volumus
726 2412 872 2495 populum
885 2411 1079 2474 Romanum?
1104 2411 1239 2494 privatos
1249 2411 1313 2474 sine
1325 2434 1374 2474 re-

330 2497 341 2528 ‘
356 2497 512 2558 cusatioue
526 2498 655 2579 remiges
668 2498 740 2560 dare
754 2499 765 2560 ?
789 2499 941 2560 nobismet
953 2499 1025 2580 ipsis
1036 2499 1167 2581 primum
1179 2499 1373 2580 imperemus.

330 2582 342 2614 ‘
355 2581 481 2661 Aurum,
497 2593 668 2665 argentum,
680 2608 719 2648 ees
734 2586 887 2667 signatum
902 2606 993 2648 omne
1008 2598 1163 2648 senatores
1179 2585 1308 2647 crastino
1319 2584 1370 2647 die

330 2669 387 2729 ‘in
409 2670 564 2752 publicum
588 2671 800 2735 conferamus:
831 2674 876 2735 ita
900 2684 934 2734 ut
954 2672 1082 2733 annulos
1103 2672 1160 2733 sibi
1183 2672 1315 2753 quisque,
1337 2686 1372 2735 ct

330 2756 341 2787 ‘
355 2753 490 2837 conjugi,
513 2766 544 2818 et
559 2756 673 2838 liberis,
696 2760 722 2799 ⁸⁸
738 2770 770 2822 et
785 2759 848 2821 filio
863 2759 990 2836 bullam,
1003 2773 1046 2836 et,
1061 2758 1171 2841 quibus
1181 2780 1256 2821 uxor
1269 2758 1372 2821 filiave

329 2840 438 2919 ‘suut,
452 2845 480 2882 ¹⁸
495 2843 629 2925 singulas
645 2847 750 2910 uncias
764 2844 870 2928 pondo
885 2845 948 2908 auri
964 2845 1137 2925 relinquant
1145 2867 1155 2922 ς
1179 2845 1307 2927 argenti,
1318 2846 1371 2927 qui

329 2926 452 2989 ‘curuli
476 2928 553 2991 sella
574 2932 729 3011 sederunt,
753 2934 825 3015 equi
850 2942 1029 2994 curamenta
1051 2942 1084 2994 et
1097 2930 1189 2993 libras
1203 2930 1317 3017 pondo,
1337 2944 1374 2994 ut

329 3012 339 3046 ‘
354 3016 378 3052 ⁹¹
392 3014 523 3077 salinum
537 3016 741 3100 patellamque
750 3016 887 3083 Deorum
900 3038 1007 3079 caussa
1017 3018 1128 3080 babere
1142 3018 1271 3101 possint.
1280 3019 1374 3079 ceteri

329 3100 340 3133 ‘
354 3110 509 3165 senatores
520 3103 627 3166 libram
637 3106 756 3187 argenti
766 3117 896 3183 tantum,
906 3105 1004 3167 ”seris
1015 3103 1126 3185 signati
1136 3105 1230 3186 quina
1237 3104 1334 3167 millia
1343 3104 1376 3165 in

763 3206 804 3252 rd
874 3202 948 3250 Grau.

360 3262 383 3297 ὅ
400 3263 496 3315 Neocles
510 3266 584 3330 ωείοι]
603 3268 663 3317 Socii
683 3269 773 3319 uvales
791 3220 961 3319 hYsgmn,
970 3282 992 3315 e.
1003 3269 1028 3317 6,
1045 3279 1071 3318 et
1082 3268 1167 3318 Δκω.
1178 3270 1203 3317 in
1212 3268 1307 3317 tudam
1317 3283 1376 3319 tou·

327 3328 379 3397 lato
389 3342 443 3379 ιιιιιι
454 3333 559 3393 remiges,
573 3344 601 3381 ut
615 3349 645 3381 ex
671 3335 837 3383 recedentibus
867 3347 903 3383 ιιι
914 3333 1021 3381 Verrem.

327 3522 461 3586 ewam]
477 3522 541 3572 Olim
551 3478 606 3573 edlti
615 3496 835 3588 prestitetducn.
867 3476 966 3578 ἔδεαι
986 3530 1015 3577 ed
1035 3479 1240 3577 «suffimen.
1280 3526 1375 3590 Aliquid

329 3586 441 3651 liepnsuit
458 3586 588 3667 Grcaqsips
602 3600 712 3651 maest,
727 3592 835 3654 idemque
868 3605 946 3643 tamea
964 3608 1034 3642 mma
1049 3595 1125 3643 intera
1142 3605 1219 3657 potest
1237 3593 1375 3657 quddisd-

328 3663 425 3699 resratur
445 3650 470 3699 in
490 3666 583 3717 opruure
604 3654 676 3703 Mss,
698 3654 742 3717 legi
762 3660 835 3707 daca.
868 3674 920 3707 miss
939 3674 969 3705 ex
986 3659 1003 3707 l.
1015 3668 1108 3707 xxxiv.
1126 3658 1193 3716 iuba,
1210 3674 1233 3707 e.
1245 3660 1267 3707 l.
1281 3670 1376 3707 cautem

330 3716 374 3765 lllo
395 3714 467 3764 cernel
488 3718 593 3776 oduuino,
618 3719 651 3767 nil
671 3720 766 3769 dubium
788 3733 836 3771 erat
867 3723 997 3783 suisselege
1007 3723 1091 3786 Oppia.
1106 3723 1183 3789 prucis
1192 3723 1375 3773 enteboctem-

784 3807 827 3900 ·.
867 3804 910 3853 ι·
926 3787 1327 3903 nme
1341 3804 1376 3836 ’-

308 3928 313 3933 ·
330 3909 384 3958 nus
395 3926 462 3989 quam
479 3928 521 3976 pro
535 3864 641 3978 anione
659 3917 687 3964 ab
706 3851 851 3989 ipsistqu'
867 3868 1032 3997 mappa
1048 3916 1105 3996 legiq
1120 3863 1378 3996 offirmas->dm

330 3988 621 4121 oeqngllfdlio'bnlimr]
654 4002 722 4093 Pueri
744 4046 837 4108 ingenui
868 3982 913 4097 :dl
934 3983 1379 4114 esesdddtnrigddddditddlqwlm

330 4103 568 4157 salamannus
587 4110 681 4171 liguram
700 4112 775 4161 cordis
791 4113 838 4159 ior·
869 4114 1041 4161 aonbebuerit.
1097 4120 1100 4129 '

333 4182 416 4217 ιιιιιιιιι
433 4188 447 4220 c
466 4173 527 4221 callo
541 4190 672 4251 euspeumm
691 4188 839 4241 susspectus
901 4179 921 4215 ⁹¹
939 4177 1040 4227 &baum
1200 4181 1285 4227 dnm
1296 4174 1377 4241 maru]

333 4235 461 4291 gerebant:
486 4254 552 4300 quam
569 4240 636 4288 sumrd
653 4257 706 4290 curu
717 4254 838 4306 tcgaproe-
870 4242 1050 4309 &unumpate
1068 4260 1090 4305 r,
1110 4246 1134 4292 in
1153 4260 1196 4306 qua
1214 4243 1256 4290 diss
1275 4256 1377 4306 appone·

333 4307 405 4352 tuta,
420 4300 459 4346 ubi
479 4302 502 4349 in
520 4305 579 4353 viros
594 4306 786 4365 adscribebantur,
798 4308 839 4355 de·
869 4307 952 4357 hatur
971 4311 1056 4373 epula,
1073 4310 1182 4358 maxima
1198 4307 1301 4370 religioni
1315 4307 1376 4370 apud

334 4360 457 4423 ponebant.
491 4367 659 4420 Libertinoruru
677 4372 717 4419 filil
728 4388 768 4434 pro
778 4372 853 4421 bulla·
868 4374 974 4435 antiquos
984 4386 1058 4423 mant.

334 4424 487 4476 :suesionum
498 4429 521 4477 in
531 4435 598 4493 collo,
612 4438 659 4484 sira
678 4436 762 4485 bullam
776 4453 838 4486 seor·
899 4438 922 4474 ⁶¹
937 4436 1000 4485 AEn's
1016 4440 1098 4501 signati
1115 4439 1184 4501 suiv
1199 4434 1280 4497 W]
1304 4433 1378 4482 ΑΜ

334 4500 396 4543 term
412 4493 572 4557 masenbsct.
604 4497 657 4551 vu.
670 4500 777 4555 Macrob.
792 4503 838 4553 tr.
867 4501 968 4555 umides
998 4504 1070 4558 blut.
1105 4503 1144 4569 qui
1173 4502 1229 4553 dant
1259 4502 1377 4554 mosim
