3092 5200
338 331 398 434 aas
639 363 641 370 ⁴
714 305 961 430 summan

174 533 250 585 uro.
261 539 317 586 540.
333 521 449 584 'tum¹:
475 519 515 600 (²⁸
525 531 596 584 aute
620 521 731 584 Fabius
744 521 901 585 Maximus
916 521 1082 603 munierat)
1105 523 1278 605 presidium
1292 522 1382 606 inpo-

174 599 310 662 ΛΜΗ·
340 608 442 685 situm,
467 615 524 668 utr
548 628 630 669 mare
653 609 825 690 proximum
848 620 881 670 et
899 609 1011 671 tlumen
1036 611 1069 671 in
1094 619 1248 691 potestate
1266 619 1382 685 essent.

341 691 377 756 ln
391 714 429 754 ea
450 693 510 754 duo
528 695 680 755 maritima
702 695 828 756 castella
848 695 1043 774 frumentum,
1067 695 1150 776 quod
1172 714 1212 756 ex
1237 691 1381 756 Sardinia

340 799 436 861 nuper
460 779 583 839 missum
605 789 679 857 erat,
700 781 840 863 quodque
864 779 1040 843 Minnica
1063 792 1173 862 prator
1197 801 1236 843 ex
1257 777 1380 842 Etruria

340 874 504 942 coemerat,
525 865 563 925 ab
577 864 666 926 Ostia
679 877 858 927 convecnrm
872 878 929 942 est,
953 878 988 928 ut
1006 867 1151 928 exercitui
1171 887 1226 949 per
1245 867 1378 927 hiemem

339 951 430 1032 eopia
456 961 545 1012 esset.
589 948 731 1013 Ceterum
754 971 927 1032 supeream
953 953 1082 1030 cladem,
1103 973 1169 1033 qua
1192 951 1381 1013 in·Lucauis

340 1046 468 1118 ac'cepta
483 1047 559 1113 erat,
580 1035 723 1098 volonum
743 1057 862 1118 quoque
877 1039 1036 1115 exercitus,
1057 1038 1207 1119 qui,'riv0
1219 1035 1383 1112 Graccho,

339 1142 458 1183 summa
483 1121 544 1183 tide
564 1121 716 1203 stipendia
740 1123 864 1200 lecerat,
885 1124 966 1185 velut
982 1133 1192 1185 exauctoratus
1206 1123 1405 1184 morte-du··

223 1257 227 1260 .
339 1207 452 1285 cis,·ab
470 1207 563 1288 signis
579 1207 726 1270 discessit.
770 1207 923 1270 Hannibal
948 1231 1010 1271 non
1036 1208 1173 1291 Capuam
1194 1209 1379 1289 neglectam,

233 1305 236 1313 '
330 1293 449 1374 neque,
474 1304 529 1355 ut¹
552 1304 640 1355 tanto
665 1294 848 1371 discrimine,
868 1293 1002 1357 desertos
1026 1295 1286 1358 volebat-socios:
1309 1294 1377 1370 sed,

340 1397 484 1460 prospero
500 1399 539 1440 ex
553 1381 725 1441 temeritate
738 1381 827 1440 unius
850 1379 980 1442 Romani
1001 1381 1087 1441 ducis
1110 1401 1258 1459 successa,
1282 1381 1315 1440 iu
1330 1379 1379 1441 al·
1400 1395 1403 1400 ·

340 1465 432 1526 terius
461 1463 547 1526 ducis
574 1465 782 1548 exercitusque
811 1466 1000 1548 obprimendi
1030 1467 1220 1527 occasionem
1245 1466 1376 1527 inmine-

59 1537 66 1564 '
174 1553 320 1634 Cra-Fuluus
338 1550 401 1612 bat.
445 1549 503 1611 Cn.
527 1550 664 1612 Fulvium
686 1565 845 1634 praetorem
867 1551 959 1634 Apuli
983 1553 1077 1633 legati
1097 1552 1293 1628 nunciabant,
1315 1552 1378 1632 pri-

174 1619 299 1708 Μῗῴτ
338 1657 400 1713 mo,
434 1637 507 1697 dum
533 1637 622 1698 urbes
644 1638 792 1720 quasdam
813 1631 992 1719 Apulonrm,
1023 1657 1090 1718 qnae
1105 1638 1152 1697 ad
1174 1635 1380 1697 Hannibalem

338 1723 544 1799 descivissent,
559 1724 758 1805 obpugnaret,
777 1725 922 1785 intentius
939 1744 1000 1785 rem
1016 1725 1134 1804 egisse:
1157 1733 1266 1804 postea
1287 1723 1383 1782 nimio

338 1829 478 1872 successu
508 1818 540 1870 et
568 1810 667 1891 ipsum
695 1820 727 1870 et
754 1810 878 1887 milites,
907 1810 1008 1892 prada
1029 1810 1183 1891 impletos,
1209 1809 1241 1869 in
1263 1818 1383 1869 tantam

338 1896 495 1959 licentiam
520 1895 749 1975 socordiamque
772 1895 894 1971 effusos,
924 1896 1063 1957 utnulla
1085 1895 1245 1977 disciplina
1266 1893 1384 1954 militia

337 1995 426 2046 esset.
470 1979 571 2052 Quum
593 2001 670 2063 sape
694 1981 780 2058 alias,
807 1994 874 2043 tum
892 1982 998 2064 paucis
1018 1980 1125 2042 diebrrs
1139 1990 1210 2042 ante
1225 1991 1379 2061 expertus,

338 2069 436 2147 qualis
462 2070 517 2130 sub
543 2067 741 2129 inseioduce
770 2068 920 2129 exercitus
943 2078 1032 2146 esset,
1061 2068 1094 2128 in
1115 2066 1257 2149 Apuliam
1278 2075 1379 2125 castra

338 2154 444 2216 movit.
544 2187 546 2190 ·

362 2236 467 2298 ·XXl.
504 2237 595 2297 Circa
628 2236 824 2299 Herdoneam
863 2239 1010 2302 Romana
1041 2238 1173 2319 legiones
1203 2249 1235 2299 et
1267 2247 1379 2320 prator

338 2320 574 2383 llrlvius'erant.
601 2342 661 2402 quo
684 2323 736 2382 ubi
763 2323 899 2385 adlatum
918 2338 976 2402 est,
994 2326 1099 2386 hostes
1114 2325 1286 2400 adventare,
1307 2343 1382 2405 pro-

337 2425 375 2488 pe
405 2417 452 2466 est
476 2405 601 2481 lactum,
635 2416 670 2467 ut
698 2405 814 2486 injussu
839 2412 974 2489 pretoria
1007 2414 1034 2449 ¹¹
1047 2411 1140 2490 signis
1174 2409 1323 2471 convulsis
1347 2410 1382 2470 in

338 2492 434 2552 aciem
461 2491 587 2552 exirent.
607 2511 663 2551 nec
679 2511 725 2551 res
745 2490 808 2552 ulla
823 2495 920 2572 magis
939 2495 1049 2571 tenuit,
1081 2515 1172 2576 quam
1201 2515 1269 2577 spes
1297 2494 1382 2556 band

338 2575 439 2655 dubia,
450 2608 454 2615 =
465 2598 520 2637 suo
543 2576 575 2638 id
586 2586 600 2615 ⁸
623 2576 757 2656 arbitrio,
772 2577 837 2638 'nbi
855 2577 977 2656 vellent,
1001 2591 1134 2644 acturos.
1176 2580 1276 2644 Nocte
1297 2581 1378 2642 inse-

296 2658 302 2667 '
338 2663 442 2743 quenti
468 2660 634 2740 Hannibal,
661 2684 754 2744 quum
774 2664 992 2726 tumultuatum
1013 2666 1046 2726 iu
1069 2669 1240 2746 eastris,‘et
1262 2668 1379 2749 pleros-

336 2769 395 2831 que
420 2749 571 2827 lerociter,
595 2749 714 2831 signum
737 2761 772 2810 ut
793 2750 890 2828 daret,
911 2751 1057 2813 institisse
1069 2754 1150 2832 ‚duci
1166 2752 1207 2814 ad
1222 2774 1381 2815 arma-ro·

336 2845 439 2895 cantes
454 2835 555 2913 sciret,
577 2834 656 2895 baud
677 2835 787 2896 dubius
800 2856 950 2918 prospera
971 2844 1081 2920 pugnae
1094 2840 1286 2901 occasionem
1302 2839 1380 2917 dari,

336 2920 395 2981 tria
423 2920 519 2982 millia
551 2920 763 3002 expeditorum
785 2922 916 2983 militum
946 2924 978 2984 in
1005 2924 1084 2985 villis
1109 2926 1378 3008 circa,vepribt1s·

337 3026 406 3087 que,
428 3006 563 3068 et'silvis
578 3006 713 3089 disponit
723 3030 734 3085 ;
757 3008 820 3092 qni,
841 3009 929 3090 signo
950 3008 1034 3088 dato,
1056 3011 1145 3072 simul
1168 3032 1274 3073 omnes
1293 3032 1311 3073 e
1331 3011 1378 3072 la-

336 3093 430 3155 tebris
445 3095 644 3156 exsisterent:
667 3104 700 3155 et
722 3093 888 3175 Magonem
915 3116 951 3157 ac
975 3096 1037 3157 duo
1062 3095 1157 3158 lenire
1175 3098 1272 3158 millia
1290 3097 1380 3178 equi·

337 3191 413 3257 nrm,
437 3198 497 3260 qua
520 3179 622 3261 sugam
645 3180 855 3242 inclinaturam
875 3182 1027 3259 credebat,
1049 3183 1154 3243 omnia
1174 3183 1286 3245 itinera
1305 3184 1380 3245 insi·

337 3264 408 3325 dere
433 3265 531 3349 jubet.
570 3266 617 3327 bis
651 3276 741 3329 nocte
770 3268 955 3349 preparatis,
994 3268 1093 3349 prima
1122 3268 1190 3328 luce
1218 3270 1251 3330 in
1280 3260 1408 3331 aciem'

338 3351 443 3432 copias
458 3351 571 3413 e'ducit.
614 3349 681 3413 Nec
697 3351 818 3413 Fulvius
838 3363 886 3414 est
899 3364 1078 3432 cunctatus,
1087 3374 1149 3415 non
1164 3365 1229 3415 tam
1247 3376 1302 3416 sua
1314 3356 1380 3417 ulla

337 3456 401 3518 spe,
422 3456 513 3518 quam
540 3437 671 3498 militum
700 3438 807 3519 inpetu
834 3438 961 3500 fortuito
986 3450 1112 3501 tractus.
1142 3440 1246 3521 itaque
1268 3441 1375 3503 eadem

337 3524 520 3598 temeritate,
558 3542 618 3601 qua
647 3539 820 3603 processum
848 3523 880 3584 in
908 3525 1005 3585 aciem
1033 3536 1091 3603 est,
1128 3527 1283 3589 instruitur
1307 3527 1376 3609 ipsa

460 3653 553 3701 *ntes
564 3650 698 3730 naum.
997 3631 1251 3711 seraone&

527 3724 537 3750 ²
553 3726 579 3765 at
589 3716 606 3767 l.
616 3734 640 3766 m
652 3716 716 3766 lloed.
940 3731 952 3755 ⁸
966 3722 991 3768 ld
1000 3720 1046 3769 del.
1056 3721 1121 3771 aar.

365 3826 390 3861 ⁸⁰
410 3822 468 3871 Ante
489 3820 569 3870 Fabius
589 3822 701 3871 Marinae
718 3824 841 3888 muniant]
871 3824 930 3874 Vult
951 3826 1020 3886 igitur
1044 3827 1130 3887 Lirinr,
1156 3840 1240 3893 prester
1263 3826 1378 3888 lulach,

334 3892 391 3941 Nou
416 3887 532 3937 metellum
559 3888 587 3935 ad
611 3886 720 3937 Vulturni
745 3890 840 3952 onim,
872 3906 929 3954 quor
946 3892 1133 3955 aliquantoanre
1152 3895 1236 3943 Fabius
1255 3894 1379 3953 munera.

335 3958 376 4005 red
392 3954 500 4003 Puteolos
514 3950 597 4001 Fabius
607 3952 729 4002 munierat.
760 3952 841 4001 viat.
871 3958 942 4004 eciem
962 3956 1023 4005 aliud
1043 3959 1160 4008 rastellum
1183 3960 1208 4007 ia
1234 3961 1315 4008 eadem
1336 3972 1378 4007 n

335 4032 451 4071 ure-c.
470 4021 493 4070 7.
524 4019 560 4066 Ac
576 4018 605 4066 de
625 4017 728 4067 Puteolis
743 4018 840 4067 naaria-
871 4021 940 4069 maria
959 4022 988 4069 el
1010 4022 1120 4072 Volturni
1137 4023 1220 4073 onim
1245 4024 1376 4072 boc-anan

334 4098 388 4133 nem
410 4085 453 4135 boe
478 4084 527 4133 loeo
551 4083 631 4133 setina
653 4082 747 4133 Liviam
766 4094 839 4147 patet,
869 4086 941 4136 fuine
958 4090 1132 4137 meramnum.
1165 4088 1234 4135 Unde
1250 4087 1374 4148 legesm

335 4159 386 4197 mm
407 4164 437 4197 er
457 4165 487 4199 eo
507 4149 566 4212 qnod
588 4148 647 4197 intre
666 4149 711 4196 dur
729 4150 840 4196 marim
870 4151 975 4200 videtum
991 4152 1375 4202 adlatarum-...m-

333 4211 840 4341 tetstlsntttntltllt
869 4212 1375 4346 H'ffill'ffi‘ffiss’

333 4349 429 4388 nentur.
456 4342 529 4404 'App
559 4343 666 4392 Caudini
692 4343 777 4406 sumt,
805 4342 838 4391 Dr
861 4347 1078 4405 'permane
1131 4364 1137 4372 ·
1180 4356 1196 4363 ’“
1246 4368 1253 4376 ·

332 4402 402 4453 JllfllO
427 4406 458 4452 GH
483 4407 560 4454 &lm
588 4406 702 4457 VM.
730 4406 767 4456 M·
788 4409 852 4457 Affl‘
901 4410 921 4444 ,Ι
940 4402 1174 4475 cmm]
1193 4409 1249 4463 We
1265 4410 1375 4463 melma

331 4468 386 4519 rullo
404 4466 468 4517 Corn
483 4468 584 4520 Petraia
599 4474 719 4536 preposito,
735 4475 776 4535 prs
791 4475 849 4524 διο),1
870 4472 898 4522 ad
909 4475 997 4523 subt.
1234 4505 1240 4522 .
