3092 5200
498 343 890 407 ammomum.
1162 314 1214 413 ..si

151 490 294 556 :iterim
308 511 346 552 oo
357 491 589 573 comprobatam
603 491 645 554 sit
660 489 866 570 formaene
877 491 1136 572 mortuoquidem
1142 512 1216 554 auc·
1230 515 1375 567 nem

169 577 418 660 sorsquidquam
432 590 609 640 mutaretur.
654 577 858 660 Quamquam,
878 579 904 615 ⁸⁰
911 576 968 640 etsi
987 577 1087 660 priore
1101 578 1217 643 foedere
1229 581 1262 632 Α·
1273 579 1371 632 0²1⁸·

152 713 155 726 .
169 675 311 744 staretur,
324 665 398 726 satis
418 676 542 728 camum
557 676 622 726 erat
636 662 824 746 Saguntinis,
842 662 933 727 sociis
951 675 1146 744 utrorumque
1161 687 1216 727 ex-
1232 704 1236 710 ·

151 797 154 804 .
169 751 280 834 ceptis.
289 771 364 812 nam
379 771 477 834 neque
490 751 631 813 additum
646 763 723 829 erat,
746 752 757 783 ‘
772 751 821 829 iis,
835 750 887 832 qui
902 762 977 813 tuuc
991 761 1092 813 essent
1103 748 1124 812 ε’
1147 771 1216 830 nec,

166 838 177 870 ‘
193 838 301 918 nequi
316 848 423 920 postea
437 834 687 900 adsumerentur.'
703 849 736 900 et
752 857 846 920 quum
861 835 1019 900 adsumere
1032 857 1124 898 nosos
1135 836 1214 900 'lice-

168 935 219 986 ret
242 925 354 1002 socios,
380 923 447 1006 quis
476 945 595 1006 equum
618 936 765 1001 censeret,
791 935 845 986 aut
871 925 911 985 ob
930 923 1015 986 nulla
1033 943 1215 1004 quemquam

150 1009 280 1074 ,merita
305 1011 337 1073 in
361 1011 530 1072 amicitiam
557 1010 673 1096 recipi?
698 1022 752 1072 aut
770 1021 910 1094 receptos
929 1009 961 1071 in
975 1009 1068 1072 fidem
1083 1032 1144 1072 non
1161 1009 1216 1072 de-

166 1095 275 1160 fendi?
300 1099 323 1136 ⁸¹
337 1108 468 1176 matum,
489 1117 527 1164 ne
543 1095 845 1178 Karthaginiensium
859 1096 936 1160 socii
946 1109 1000 1159 aut
1015 1095 1216 1160 sollicitaren-

167 1195 218 1245 tur
232 1183 271 1245 ad
281 1183 495 1260 desectionem,
507 1195 562 1244 aut
571 1204 626 1244 sua
637 1195 746 1266 sponte
755 1185 781 1221 ⁸²
789 1182 992 1245 desciscentes
1002 1183 1216 1266 reciperentur.
1229 1192 1311 1271 least}
1321 1192 1372 1242 tto·

167 1267 276 1352 Legati
298 1269 430 1332 Romani
452 1270 492 1332 ab
518 1267 720 1352 Karthagine,
745 1269 826 1332 sicut
845 1270 892 1331 his
909 1267 1016 1331 Roma
1034 1268 1216 1353 imperatum
1228 1273 1327 1373 39¹¹!

151 1369 247 1434 ‚erat‚
272 1357 305 1418 in
327 1355 522 1438 Hispaniam,
547 1358 572 1394 ⁸⁸
580 1367 615 1418 ut
638 1357 760 1418 adirent
774 1356 921 1432 civitates,
942 1355 1023 1418 utin
1037 1357 1216 1420 societatem
1228 1337 1366 1456 mm

169 1443 362 1526 perlicerent,
374 1455 427 1504 aut
435 1455 605 1506 averterent
616 1464 637 1504 a
649 1440 759 1520 Poenis,
773 1441 969 1524 trajecerunt.
988 1441 1041 1506 Ad
1051 1439 1216 1526 Bargusios

168 1529 301 1611 primum
324 1541 489 1592 venenant:
513 1550 533 1590 a
557 1529 664 1610 quibus
687 1529 821 1610 benigne
846 1530 978 1611 excepti,
998 1528 1070 1610 quia
1085 1530 1218 1592 taedebat

168 1615 292 1697 imperii
313 1613 428 1692 Punici,
451 1613 562 1676 multos
589 1628 673 1677 uam
698 1615 818 1678 lbemm
843 1614 1027 1703 populosud
1042 1615 1217 1699 cupidinem

168 1721 257 1764 nova
282 1699 409 1763 fortuna
433 1711 605 1762 erexerunt.
648 1699 699 1761 Ad
722 1697 890 1762 Volcianos
914 1701 985 1762 inde
1010 1713 1056 1764 cst
1070 1715 1215 1766 ventum:

169 1807 299 1868 quorum
314 1787 433 1848 celebre
448 1806 504 1867 per
517 1783 700 1868 Hispaniam
715 1806 892 1868 responsum
904 1798 1021 1848 ceteros
1033 1788 1162 1869 populos
1177 1789 1217 1851 ab

170 1873 320 1934 societate
347 1871 488 1933 Romanu
508 1871 629 1932 avertit.
648 1871 694 1932 ita
717 1872 800 1932 enim
823 1871 974 1932 maximus
991 1883 1065 1934 nans
1078 1894 1118 1934 ex
1135 1874 1173 1934 iis
1186 1873 1218 1934 in

168 1957 301 2020 conmlio
316 1956 494 2038 respondit:
520 1957 530 1989 ‘
546 1955 621 2026 Quae
634 1957 818 2018 verecundia
832 1969 892 2034 est,
905 1953 1050 2035 Romani,
1064 1958 1220 2039 poshrlare

169 2043 259 2122 ‘sos,
280 2043 342 2104 uti¹
363 2053 494 2104 vestram
515 2040 818 2126 Karthaginiensium
837 2043 981 2104 amicitia
996 2064 1219 2126 preponamus,

167 2129 297 2211 <quarm
318 2130 369 2210 qui
392 2128 424 2189 id
447 2128 596 2204 feceruut,
621 2121 808 2208 Saguntinos
822 2127 1092 2210 crudeliusquam
1107 2127 1219 2190 Poenus

166 2216 290 2278 ‘hostis
304 2215 451 2297 perdidit,
475 2235 527 2278 vos
551 2214 627 2275 socii
641 2212 860 2296 prodideritisl
882 2213 926 2275 ibi
950 2209 1090 2294 quaeratis
1106 2214 1218 2294 socius,

167 2302 180 2335 ‘
194 2323 317 2380 cerueo,
332 2301 384 2364 ubi
395 2299 568 2382 Saguntina
582 2300 685 2362 clades
697 2301 807 2382 ignota
820 2313 877 2362 est.
920 2297 1068 2381 Hispanis
1083 2301 1216 2384 populis,

168 2390 275 2451 ‘sieut
289 2388 425 2470 lugubre,
439 2387 485 2448 its
499 2385 617 2468 insigne
633 2385 850 2450 documentum
863 2383 996 2468 Sagunti
1009 2386 1102 2448 ruina
1116 2400 1217 2465 erum,

168 2475 179 2506 ‘
194 2495 233 2538 ne
248 2475 316 2556 quis
331 2474 402 2536 fidei
419 2471 566 2536 Romana
580 2485 633 2536 aut
649 2473 791 2536 societati
806 2470 962 2535 confidat!
1005 2471 1217 2536 Inde-extem-

147 2560 221 2645 .plo
235 2561 319 2623 abire
334 2560 442 2623 finibus
464 2557 682 2623 Volcianorum
691 2557 782 2643 jussi,
793 2561 833 2623 ab
853 2559 937 2623 nullo
953 2559 1064 2623 deinde
1084 2559 1217 2623 concibo

146 2646 323 2731 ,Hispania
341 2647 522 2729 benigniora
542 2648 635 2709 verba
655 2648 761 2709 tulere.
782 2646 1217 2731 itaquenequidqusmpers·

166 2746 256 2817 grata
270 2732 429 2817 Hispania,
444 2734 512 2795 ⁸⁴in
526 2732 657 2797 Galliam
673 2744 841 2795 traaueunt.

325 2906 335 2930 ¹
352 2896 408 2952 Quo
419 2914 486 2949 sarx.
496 2906 527 2947 est
538 2913 581 2957 oss,
594 2895 700 2962 muns,
713 2899 837 2965 pululare,
853 2899 890 2947 uti
901 2899 977 2946 Gron.
989 2896 1062 2947 Cres.

202 3032 489 3099 ⁸0lltsiprissssodere]
518 3037 565 3085 llic
587 3036 676 3085 iutelli-
737 3036 761 3073 ⁸³
781 3037 1125 3095 &distamusto
1149 3037 1217 3083 sou'e-

166 3098 270 3159 gendsua
284 3110 321 3147 est
338 3101 412 3147 loeslus
430 3100 487 3149 illud
504 3102 600 3163 Lutatii,
616 3103 676 3163 quod
708 3103 785 3165 mm]
802 3103 893 3151 Melius
908 3104 1033 3159 sileretur,
1047 3102 1108 3165 qrsod
1125 3100 1217 3149 Grono-

169 3162 266 3227 publico
287 3164 380 3213 consilio
401 3164 475 3211 icturn
497 3178 542 3227 est,
569 3177 593 3213 et
614 3168 678 3226 prins
692 3199 697 3208 .
709 3168 759 3215 sius
769 3168 815 3229 legi
824 3167 907 3230 jubet:
923 3174 950 3213 ut
966 3168 1053 3215 adirem
1071 3168 1179 3227 antara,
1195 3171 1217 3211 et

170 3238 276 3305 matur,
301 3229 330 3275 ob
352 3228 427 3275 soedus
448 3228 590 3291 Asdrubalis,
619 3230 679 3292 quod
710 3229 1064 3289 sutissocietutemptrliceent,
1079 3238 1146 3277 sut..
1191 3250 1208 3304 ·'

167 3292 679 3423 enarrarent„
710 3294 778 3423 ..a
791 3289 1219 3423 scama„

168 3433 261 3473 nutum
269 3424 545 3484 nuendum‚semndum
552 3435 612 3484 esst,
619 3438 677 3473 ne...
709 3424 768 3485 sitii,
780 3437 806 3473 et
816 3424 902 3486 requiri
914 3436 999 3472 manen
1009 3422 1084 3483 gentis
1093 3433 1135 3467 sut
1145 3420 1216 3480 urbis,

200 3486 224 3521 ὓ
250 3484 397 3535 Daciscsntes
422 3487 582 3551 exipermtm]
617 3488 677 3537 Haec
708 3488 737 3535 ad
757 3505 827 3551 qoam
848 3491 955 3539 venerim
976 3488 1051 3551 primo
1072 3486 1169 3534 Rososui
1192 3488 1217 3534 io

167 3551 257 3611 onais,
272 3564 326 3614 qua
338 3551 494 3600 ammo
503 3567 578 3601 osasss
587 3551 675 3615 hoaut,
708 3553 959 3617 Galusnrnsqreni.
993 3550 1217 3615 Hoepemsltisi-

147 3616 291 3678 „tibanus
307 3619 423 3681 excerpsit
441 3634 456 3665 e
475 3616 572 3681 Polybio
589 3616 674 3666 uvius.
708 3620 810 3668 derunt:
832 3621 897 3669 solus
914 3620 963 3669 Jsc·
978 3618 1108 3667 Gronovius
1117 3616 1218 3665 tenter

166 3682 480 3731 aerumnosarum
496 3698 544 3731 non
558 3682 676 3741 debuerat,
708 3686 843 3735 emendasse
860 3687 959 3735 videtur.
994 3683 1066 3732 lubet
1090 3682 1130 3730 ille
1152 3682 1214 3745 legi:

167 3748 229 3809 quod
255 3746 294 3795 tus
322 3748 404 3795 eumn
431 3748 476 3797 sade
503 3748 676 3797 commendatus
708 3751 733 3797 in
750 3750 850 3799 Gallicas
860 3758 982 3799 mm·
1015 3747 1215 3796 &mussi-

166 3813 265 3877 seriptos
283 3812 364 3861 addite
387 3815 558 3862 suadendam
571 3815 674 3875 ,quidem
708 3815 761 3863 la'h's
771 3818 850 3877 quein
865 3818 913 3863 siss
926 3824 967 3865 est.
998 3814 1085 3862 lavant
1095 3811 1147 3876 ejus
1155 3827 1216 3859 soa·

166 3878 295 3926 necesario
305 3892 365 3938 esse,
380 3876 578 3940 Carthaginienses
590 3880 675 3941 injusta
707 3882 821 3940 jenunia
831 3893 856 3929 et
866 3880 911 3929 loci
921 3880 988 3939 mars,
999 3890 1024 3927 et
1034 3878 1123 3926 mentio
1133 3877 1216 3925 nuci·

166 3943 212 3991 hoc
234 3943 321 3991 bellurn
338 3944 470 4007 suscepisse,
493 3942 512 3991 si
534 3944 585 4005 quis
606 3942 675 4009 hujus
706 3946 774 3993 nonis
791 3946 819 3994 ab
838 3947 904 3995 bivio
922 3946 956 3992 bis
971 3945 1041 4000 farta,
1056 3944 1116 3991 inlrs
1133 3958 1155 3989 t.
1174 3941 1216 3989 24.

167 4006 222 4055 belli
232 4008 343 4069 originem
354 4017 379 4058 et
390 4024 482 4057 eausam
494 4023 506 4056 a
518 4010 567 4056 solo
577 4009 674 4069 Sagunti
706 4010 819 4058 Attamen
836 4010 866 4058 rb
874 4026 930 4058 noos
939 4010 971 4057 ies
982 4008 1037 4057 huic
1048 4024 1101 4070 (με
1110 4016 1217 4053 sarman

164 4074 266 4123 auritio
282 4073 360 4123 duest.
393 4074 527 4123 Sinsutasr
541 4074 672 4127 bellicassa
705 4069 1215 4135 reieougrusrosidetur,urilludelissinasi

165 4152 217 4185 ens
235 4138 324 4187 dossas
344 4139 456 4196 Sardinia,
473 4137 585 4203 stipendio
603 4140 673 4189 stiam
706 4156 753 4189 non
769 4141 835 4189 faeda
848 4141 969 4205 patianus.
1002 4136 1214 4187 Eassuaillasots

163 4202 230 4253 nilla
245 4205 433 4255 eadmausorsru
444 4204 584 4255 messmam
593 4219 673 4268 erper-
705 4206 766 4253 haud
789 4221 848 4265 segre
870 4206 997 4255 malatera
1015 4214 1139 4267 punierunt
1160 4202 1212 4249 dure

166 4398 674 4465 tnossbiispoenssesigsrasoluisse,quiper
703 4351 829 4465 ipisca'es.erg

167 4463 308 4514 morionem
319 4476 449 4529 temporum
460 4467 513 4531 ipsis
521 4478 654 4516 inornarent.
