3092 5200
356 374 416 429 too
766 368 850 431 Tm
868 366 970 431 1.1v11

190 528 332 591 uomit.
359 523 515 589 Hannibal
544 524 659 611 potitus
689 535 764 589 erat
794 524 859 609 ejus
885 522 963 609 signi
986 546 1085 591 errore
1107 527 1186 591 ”ne
1215 526 1289 595 cui‘¹
1311 528 1408 592 dolus

191 606 223 657 ‘b
234 606 264 657 ⁰·
274 602 332 659 ²⁰⁰·
360 625 533 677 necteretur
547 635 566 676 a
581 611 688 692 Poeno,
709 624 847 677 metuens
862 612 1026 697 Crispinus,
1046 616 1128 679 circa
1141 615 1281 679 civitates
1295 616 1407 700 proxi·

360 721 426 763 mas
440 701 564 763 miserat
573 701 700 765 nuncios
713 722 722 763 t
753 700 888 763 occisum
899 700 1048 784 collegam
1059 722 1137 781 esse,
1152 703 1323 785 annuloque
1334 702 1408 787 ejus

358 786 477 849 hostem
489 788 641 870 potitumt
663 808 703 850 ne
718 786 825 869 quibus
840 787 934 850 literis
949 788 1106 852 crederent
1120 789 1245 851 numine
1255 787 1404 852 Marcelli

358 874 544 957 compositis.
603 872 709 936 Paullo
742 884 815 936 ante
844 873 894 937 hio
923 874 1050 937 nuncius
1081 876 1211 941 consulis
1242 872 1403 959 Salapiam

357 963 491 1041 venerat,
513 980 605 1045 quum
627 960 720 1022 litera
745 961 785 1021 ab
815 958 988 1023 Hannibale
1013 961 1123 1024 adlata
1147 972 1229 1042 sunt,
1255 960 1402 1024 Marcelli

357 1047 480 1109 nomine
491 1046 687 1129 compositae:
704 1047 759 1108 ‘se
769 1056 871 1125 nocte,
883 1067 948 1129 qua
962 1047 1043 1109 dem
1054 1047 1141 1119 illurn
1152 1058 1293 1111 secunrra
1302 1059 1402 1127 esset,

299 1130 305 1141 '
357 1131 536 1216 ‘Salapiam
547 1144 717 1207 veutttrunr.
734 1134 874 1217 “parati
889 1134 1001 1196 milites
1016 1144 1125 1213 essent,
1144 1135 1195 1219 qui
1211 1135 1241 1197 in
1255 1135 1402 1219 presidio

356 1218 479 1298 ‘erant,
502 1220 602 1305 siquo
617 1241 709 1305 opera
730 1232 836 1283 eorum
856 1241 932 1304 opus
952 1217 1054 1283 esset!
1084 1217 1212 1283 Sensere
1227 1220 1400 1307 Salapitani

356 1306 492 1369 fraudem
506 1330 514 1369 t
538 1318 571 1369 et
585 1309 612 1348 ⁸⁸
622 1308 661 1369 ab
676 1308 732 1385 ira,
749 1328 812 1369 non
825 1306 1002 1369 delectionis
1018 1306 1123 1383 modo,
1137 1308 1295 1369 sedetiam
1307 1308 1401 1389 equi-

355 1404 421 1455 turn
431 1392 670 1472 interfectorum,
680 1394 737 1456 rati
746 1394 938 1473 occasionem
947 1393 1087 1476 supplicii
1096 1394 1169 1477 peti,
1178 1395 1302 1456 rentiam
1311 1406 1398 1457 retro

354 1479 479 1558 nuncio,
507 1479 646 1562 (perfuga
660 1492 761 1557 autem
778 1480 933 1542 Romanus
957 1478 1034 1559 erat)
1062 1490 1097 1541 ut
1122 1480 1187 1541 sine
1210 1481 1319 1543 arbitro
1332 1482 1397 1542 mi·

354 1564 434 1644 lites,
457 1586 521 1647 quae
545 1566 669 1644 vellent,
695 1578 830 1648 agerent,
856 1566 1024 1650 oppidanos
1049 1586 1105 1649 per
1127 1587 1230 1629 muros
1253 1566 1396 1647 urbisque

354 1662 527 1736 opportuna
540 1652 609 1714 loca
627 1652 660 1713 in
680 1653 861 1715 stationibus
885 1652 1069 1735 disponunt:
1093 1654 1248 1716 custodias
1261 1653 1395 1735 vigilias-

354 1757 412 1819 que
436 1739 468 1799 in
492 1756 561 1800 eam
581 1751 704 1801 noctem
726 1739 874 1801 intentius
899 1739 1062 1802 instruunt.
1086 1740 1168 1803 circa
1188 1752 1319 1823 portam,
1334 1758 1398 1821 qua

341 1828 513 1887 ¹v‘euturum
534 1824 656 1887 bostem
680 1826 834 1903 rebantur,
860 1824 940 1907 quod
965 1825 1081 1889 roboris
1102 1825 1133 1887 in
1156 1827 1295 1910 praesidio
1316 1837 1395 1901 erat,

353 1910 523 1993 obponuut.
567 1909 722 1974 Hannibal
747 1922 855 1992 quarta
877 1912 980 1992 vigilia
1003 1911 1098 1974 ferme
1115 1911 1154 1974 ad
1168 1912 1274 1977 urbem
1288 1932 1396 1975 acces·

343 1996 405 2060 ait.
457 1996 550 2060 Primi
575 1998 704 2079 agminia
730 2009 817 2061 erant
844 1998 977 2081 perfugae
1001 1996 1220 2077 Romanorum,
1246 2011 1278 2061 et
1305 2020 1396 2061 arma

353 2080 495 2146 Romana
520 2085 684 2147 habebant.
707 2085 740 2163 ii,
768 2084 820 2147 ubi
846 2084 886 2146 ad
909 2094 1030 2168 portam
1053 2096 1100 2147 est
1123 2098 1254 2163 ventum,
1280 2083 1392 2147 Latine

351 2190 457 2232 omnes
473 2171 629 2253 loquentes
648 2172 787 2233 excitant
803 2169 919 2252 vigiles,
945 2171 1112 2255 aperirique
1126 2182 1243 2254 portam
1255 2168 1388 2252 jubent:

351 2258 507 2318 consulem
529 2257 644 2319 adesse.
681 2256 808 2338 Vigiles,
833 2257 916 2319 velut
938 2258 979 2318 ad
1002 2278 1105 2320 vocem
1125 2278 1228 2321 eorum
1250 2258 1392 2335 excitati,

349 2342 536 2421 mutuitanti,
563 2342 725 2425 trepidare,
754 2342 853 2405 moliri
883 2356 1018 2426 portam.
1047 2346 1072 2385 ⁸⁸
1085 2354 1239 2407 cataracta
1270 2343 1394 2425 dejecta

349 2427 453 2489 clausa
482 2440 558 2491 erat.
588 2450 656 2490 earn
681 2430 794 2511 partim
818 2431 955 2493 vectibus
984 2430 1105 2493 levant:
1135 2430 1249 2513 partim
1271 2430 1392 2493 funibus

349 2514 520 2576 subducunt
545 2514 577 2576 in
604 2525 725 2577 tantum
751 2516 931 2595 altitudinis,
960 2528 995 2579 ut
1024 2518 1124 2579 subire
1151 2516 1229 2602 ¹tacti
1259 2526 1394 2602 possent.

347 2596 482 2668 Vixdum
507 2601 581 2666 satis
606 2603 733 2686 patebat
756 2604 827 2683 iter,
853 2623 946 2686 quum
970 2603 1104 2690 perfugae
1132 2604 1274 2671 certatim
1300 2615 1392 2668 ruunt

752 2777 983 2842 squamam.
1059 2749 1061 2754 ’

378 2931 402 2968 ⁸⁸
418 2929 586 2998 Neptidobu]
601 2933 853 3001 Omnesnsoutquod
885 2937 958 3002 napa
973 2953 994 2990 c.
1013 2929 1262 3004 inaneitmqaoqas
1278 2938 1390 2990 cstiletn

346 3001 445 3048 mauvis
460 2998 599 3050 Rbeumus:
615 3015 662 3050 nm
681 3001 735 3052 satis
752 3001 854 3052 uidenti
885 3005 966 3066 coda,
980 3016 1005 3054 et
1024 3004 1048 3051 iu
1065 3007 1109 3054 luc
1128 3005 1392 3056 Annibalisuotahilide

347 3079 425 3114 uuas.
885 3069 998 3120 Marcello
1008 3084 1072 3128 soce,
1087 3085 1125 3118 seu
1134 3072 1196 3134 sicit,
1208 3071 1313 3134 sciscitor
1322 3072 1392 3118 instat

378 3127 403 3164 θ*
430 3130 512 3178 Parati
541 3131 621 3180 milita
650 3129 727 3194 susat]
764 3131 853 3184 Carent
883 3137 963 3196 uictis,-
985 3149 1024 3184 stu
1046 3137 1117 3183 sistus
1140 3143 1179 3191 est,
1203 3138 1313 3184 mourut
1337 3151 1390 3182 cass

346 3196 421 3258 prims
442 3210 499 3246 tots
519 3198 607 3260 ettipti,
629 3207 680 3246 tutu
702 3197 852 3260 emovunt,
883 3199 999 3250 uictoribus
1018 3209 1135 3258 ms,
1156 3201 1254 3252 transilit
1274 3198 1307 3250 ‘td
1327 3200 1391 3248 ns'ttt's

346 3270 399 3308 turn
417 3261 497 3312 nostri.
529 3261 577 3317 Sed
594 3261 652 3322 nulli
667 3263 747 3322 oudin,
761 3265 853 3312 neeri·
883 3279 928 3314 seu.
961 3264 992 3312 Et
1008 3263 1060 3314 alibi
1078 3264 1162 3328 sapius
1178 3265 1236 3316 tales
1250 3264 1389 3315 delectasio

348 3328 396 3373 snio
423 3327 515 3390 quidem
539 3327 573 3376 illi
602 3327 735 3389 Puteanus,
761 3341 852 3378 tantum
883 3329 972 3394 dptirno
989 3329 1048 3376 libro
1065 3331 1231 3380 annotavimus.
1262 3329 1389 3378 statuimus

346 3390 476 3452 tribuimus,
495 3402 523 3439 ut
540 3391 570 3439 ibi
584 3391 662 3440 statius
677 3393 786 3440 mendum
803 3409 853 3443 csse
884 3393 962 3458 itaque
978 3394 1076 3442 multum
1091 3395 1239 3444 tribuendum
1255 3410 1304 3444 esse
1318 3393 1390 3458 scrip-

346 3457 517 3515 existimemus,
533 3456 575 3504 ubi
590 3456 625 3504 illi
638 3457 748 3507 dissidem
768 3473 783 3506 a
801 3459 853 3508 tul·
884 3460 915 3510 tis
930 3459 1053 3514 tuditibus,
1070 3462 1197 3523 praemitis
1218 3462 1238 3513 si
1253 3461 1300 3510 sint
1317 3474 1388 3511 ms·

345 3520 418 3582 gatis:
434 3523 559 3586 prasertim
577 3522 596 3569 ti
618 3523 679 3570 ratio
697 3523 791 3570 aridem
812 3539 852 3588 tp-
884 3525 961 3572 raude
978 3524 1130 3590 antiquitatis:
1152 3527 1192 3574 sed
1210 3525 1242 3574 ira
1256 3537 1342 3582 umen.
1359 3535 1388 3572 ut

345 3597 424 3650 purast
434 3600 476 3634 cnr
490 3601 541 3634 mna
558 3599 612 3650 qua
626 3598 717 3649 recepta
726 3587 851 3638 miscuo·
883 3605 962 3638 sensus
980 3602 1070 3654 quoquc
1086 3591 1144 3638 ratio
1157 3589 1275 3640 habeatur.
1306 3590 1336 3636 Et
1347 3589 1388 3636 ubi

346 3666 401 3700 netu
418 3664 538 3700 tueamur:
554 3664 581 3703 ut
599 3650 643 3699 hoc
661 3651 721 3711 loco,
740 3651 779 3701 ubi
797 3669 852 3704 sen-
883 3653 951 3718 proba
966 3655 1036 3704 lectio
1050 3656 1159 3716 occurrit,
1177 3657 1215 3706 cui
1233 3657 1303 3704 nostri
1314 3649 1389 3706 MSS.

345 3731 385 3764 sus
416 3718 511 3765 omniuo
542 3717 627 3780 flagitat
658 3732 737 3765 sorem
768 3720 852 3780 potati.
883 3731 1020 3782 repugnent,
1037 3721 1175 3769 credendum
1193 3733 1227 3769 est
1243 3722 1328 3786 priores
1338 3719 1390 3767 edi·

347 3781 477 3830 Gronovius
493 3797 519 3830 οι
536 3783 617 3832 carim
633 3782 758 3846 suspicmm
773 3783 852 3846 legen·
883 3785 1051 3834 toressliorura
1061 3786 1163 3835 codicum
1179 3787 1265 3851 copiam
1276 3785 1392 3844 habuisse,

345 3847 419 3896 darn:
435 3847 512 3912 uigiles
527 3846 640 3906 suntid
660 3858 704 3908 cst,
723 3847 854 3912 vigilarent,
884 3849 1004 3912 exquibus
1016 3866 1066 3900 mm
1076 3849 1200 3903 hauserint.
1389 3863 1392 3868 '

346 3911 431 3962 intenti
462 3923 548 3962 essent.
598 3911 694 3960 Quanto
723 3913 854 3978 simplicior,
915 3911 938 3948 ⁶⁵
953 3915 988 3962 At
1002 3911 1386 3982 ira...equitusss'suerfsrtmuss]

346 3978 428 4042 aptior,
446 3977 528 4028 clarior
545 3976 575 4026 sit
597 3977 686 4040 vulgara
704 3977 783 4036 lectio,
803 3977 853 4055 quis
882 3977 1220 4044 vu.·upa,r.xxv1.c.sa.

346 4057 395 4091 nou
409 4043 486 4092 natira
500 4043 582 4104 sidet?
600 4041 628 4092 lu
641 4059 668 4091 es
682 4057 735 4104 ergo
750 4059 853 4108 aequeq-
915 4041 938 4079 ⁰⁸
955 4043 969 4070 ¹
989 4045 1107 4094 θαιωααα
1130 4048 1213 4110 dejecta
1231 4044 1305 4094 euna
1323 4041 1385 4106 srst]

348 4123 435 4169 catum,
455 4124 495 4167 ue,
518 4106 538 4156 si
559 4106 630 4157 semel
649 4107 710 4156 clara
730 4118 756 4158 tt
776 4121 853 4173 aperta
876 4109 952 4160 'Porta
973 4109 1048 4160 claues
1067 4122 1116 4160 erat
1132 4127 1173 4178 per
1193 4117 1326 4160 cannetum
1343 4109 1387 4157 de·

347 4182 439 4224 tentus
461 4173 537 4223 eonati
557 4174 669 4224 neuma
686 4175 764 4222 statim
783 4187 853 4239 atque
881 4178 977 4240 jectam.
1022 4175 1079 4223 llam
1098 4188 1231 4226 astructam
1251 4174 1290 4223 alii
1309 4174 1388 4223 lerant

347 4237 434 4299 aliquot
454 4239 527 4288 MSS.
551 4239 576 4290 itt
592 4241 638 4289 slis
658 4239 753 4299 abeunt,
777 4241 853 4288 omnis
885 4243 1001 4290 tectibus:
1018 4241 1058 4290 alii
1074 4253 1119 4290 etc.
1135 4241 1251 4294 Cataracta
1271 4250 1305 4289 est
1322 4250 1388 4304 ports

344 4299 394 4366 jam
405 4303 491 4352 incerta
501 4305 565 4355 liant.
598 4305 637 4354 ste
650 4306 695 4354 hot
709 4305 853 4369 ipsucapite,
882 4305 1142 4372 pensilisetrausversis
1161 4307 1227 4369 liguis
1241 4306 1347 4368 terroqm
1362 4305 1389 4354 in

345 4365 415 4480 ptulo
433 4370 546 4432 superius,
568 4369 607 4418 ubi
623 4371 726 4432 vulgares
743 4371 794 4419 libri
810 4371 852 4418 hs·
883 4371 972 4420 reticuli
992 4371 1085 4420 modum
1101 4386 1225 4436 compacta,
1244 4387 1296 4434 quae
1312 4370 1389 4418 sddits

337 4485 340 4494 Ι
377 4442 405 4479 ut
420 4432 476 4480 alter
490 4436 521 4481 ad
537 4435 685 4500 Marem,
702 4437 759 4484 alter
776 4439 852 4486 adu·
883 4435 978 4502 principi
999 4445 1072 4502 portu
1099 4437 1183 4488 claudit
1209 4435 1294 4486 aditum
1315 4451 1387 4498 quum

345 4498 438 4545 wsdsm
446 4496 572 4561 fraudant
589 4498 733 4558 htanoetu,
748 4500 853 4550 alterati
882 4501 979 4550 demissa
1000 4513 1045 4564 est,
1066 4503 1090 4550 in
1107 4501 1180 4556 altura
1199 4501 1286 4556 tublats
1306 4501 1389 4568 sperit·

346 4560 483 4618 assur...
500 4560 619 4626 frosm,
648 4565 736 4616 omna
761 4565 851 4619 muta.
884 4565 1144 4620 anteactarum.-
1435 4559 1440 4584 ⁸
