3092 5200
498 352 674 416 LIB.XX1.
692 355 775 414 CAP.
796 354 879 415 mx.
1163 356 1218 415 ‘⁶5

172 511 341 575 includeret
349 521 374 590 ¹,
404 531 461 574 nec
492 511 717 594 “reciprocare
746 509 881 572 animam
910 507 1034 585 sineret,
1051 508 1165 571 'aversi
1195 527 1369 584 amutal.

173 610 264 661 vento
279 619 441 682 parumper
456 599 631 662 consedere.
674 595 756 659 Tum
774 617 846 658 vero
871 594 990 678 ingenti
1008 614 1085 656 sono
1100 595 1213 657 coelum
1227 595 1258 645 A·
1270 597 1365 649 0²1&

151 677 154 686 '
171 696 315 768 strepere,
331 696 363 748 ct
376 687 456 748 inter
472 684 637 748 horrendos
652 685 788 766 fragores
802 683 915 744 micare
930 681 1118 763 ignes.·capti
1130 682 1212 743 auri-

172 771 228 834 bus
248 785 281 834 et
301 773 398 835 oculis
418 785 501 834 metu
519 791 627 834 omnes
647 783 779 854 torpere.
821 767 974 845 Tandem,
994 766 1090 830 effuso
1105 767 1213 846 imbre,

172 877 266 938 quum
281 881 318 921 eo
332 859 430 941 magis
445 878 574 921 accensa
595 859 640 920 vis
654 858 737 920 venti
752 867 843 935 esset,
862 856 932 937 ipso
947 855 1088 934 illo,·quo
1103 853 1212 936 depre-

153 943 259 1006 'hensi
277 957 375 1024 erant,
399 946 469 1008 loco
491 957 592 1008 castra
610 963 723 1027 ponere
742 942 946 1005 necessarium
963 941 1060 1004 visum
1074 951 1132 1002 est.
1176 939 1212 1002 ld

172 1050 243 1093 vero
259 1031 370 1094 laboris
385 1032 468 1095 velut
490 1032 528 1094 de
548 1033 668 1114 integro
683 1031 806 1094 initium
820 1029 888 1091 suin
901 1048 973 1090 nam
989 1048 1045 1090 nec
1058 1027 1213 1109 explicare

174 1117 351 1199 quidquam,
365 1140 422 1182 nec
439 1130 573 1181 statuere
591 1129 753 1201 poterant:
777 1137 845 1194 uec,
862 1113 945 1196 quod
960 1117 1108 1176 statutum
1123 1123 1213 1192 esset,

172 1205 326 1283 manebat,
356 1205 460 1268 omnia
489 1205 701 1288 perscindente
725 1213 817 1276 vento
846 1213 879 1263 et
906 1201 1067 1283 rapiente·
1084 1210 1117 1262 et
1140 1219 1215 1262 mox

172 1292 200 1330 ⁶⁵
210 1309 290 1372 aqua
304 1292 405 1355 levata
423 1304 527 1370 vento,
543 1313 636 1373 quum
658 1310 748 1373 super
762 1289 866 1370 gelida
880 1288 1031 1349 montium
1048 1286 1124 1369 juga
1138 1305 1216 1348 con·

172 1387 258 1440 creta
284 1390 375 1457 esset,
396 1391 516 1441 tantum
540 1379 651 1440 nivosa
673 1375 828 1458 grandinis
856 1373 978 1456 dejecit,
1001 1385 1046 1451 ut,
1073 1373 1214 1435 omnibus

172 1464 304 1543 omissis,
324 1467 560 1547 procumberent
580 1465 728 1541 homines,
749 1462 935 1544 tegminibus
954 1461 1016 1522 suis
1039 1461 1139 1542 magis
1159 1460 1216 1521 ob-

172 1551 245 1628 ruti,
272 1571 365 1632 quam
391 1553 476 1613 tecti.
496 1549 650 1632 tantaque
666 1550 710 1611 vis
736 1549 858 1630 frigoris
873 1549 1011 1610 insecuta
1033 1557 1090 1625 est,
1111 1556 1156 1624 ut,
1177 1564 1234 1636 ex!

172 1634 414 1698 illa'miser'abili
438 1637 595 1698 hominum
617 1636 887 1717 jumentorumque
913 1637 939 1674 ⁸⁸
949 1644 1051 1716 strage
1070 1653 1164 1714 quum
1183 1653 1217 1694 se
1253 1668 1257 1675 ι

173 1721 302 1804 quisque
317 1723 631 1784 adtollereac'levare
645 1721 747 1798 vellet,
763 1720 975 1822 d'lnequiret,
994 1721 1077 1800 quia,
1091 1731 1241 1801 tomen-.-

172 1806 256 1868 tibus
282 1808 383 1889 rigore
409 1809 517 1886 neruis,
540 1808 591 1871 vix
616 1807 738 1870 flectcre
762 1817 845 1868 artus
867 1817 1020 1890 poterant.
1039 1804 1162 1882 deinde,
1185 1815 1220 1865 ut

173 1893 300 1954 tandem
320 1894 468 1974 agitando
492 1893 560 1956 sese
581 1914 702 1958 movere
727 1915 763 1956 ac
786 1913 930 1975 recepere
946 1892 1075 1968 animm,
1093 1890 1219 1952 et-r'aris

174 1977 250 2040 locis
271 1978 351 2060 ignis
373 1980 438 2042 lieri
458 1991 506 2041 est
519 1992 649 2064 coeptus,
673 1980 712 2042 ad
735 1981 867 2042 alienam
881 1999 971 2061 opem
986 1977 1219 2059 quisque'inops

173 2064 309 2127 tendere.
352 2063 486 2128 Biduum
502 2087 540 2128 eo
555 2066 634 2145 loco,
649 2066 731 2127 velut
745 2065 874 2142 obsessi,
893 2084 1042 2126 mansere.
1057 2062 1146 2124 multi
1161 2064 1219 2123 ho·

174 2151 281 2228 mines,
302 2152 400 2214 multa
416 2151 567 2233 jumenta,
592 2153 747 2237 elephanti
768 2172 891 2234 quoque
905 2171 945 2212 ex
959 2151 1018 2228 his,
1044 2149 1223 2232 quiprml'ro

175 2236 214 2298 ad
225 2235 370 2300 Trebiam
386 2239 468 2301 facto
484 2239 707 2322 superfuerant,
718 2250 839 2322 septem
850 2237 992 2300 absumti.

175 2320 301 2386 '·LlX.
333 2323 501 2408 Degressus
530 2325 695 2406 Apennino
725 2336 807 2390 retro
836 2325 876 2389 ad
906 2323 1092 2390 Placentiam
1110 2339 1381 2418 ‘castramm

173 2411 280 2488 movit,
299 2423 331 2472 ct
352 2412 391 2473 ad
414 2413 521 2474 decem
540 2413 638 2474 millia
654 2432 837 2494 'progressus
861 2415 1009 2475 consedit,
1029 2426 1153 2496 postero
1168 2416 1219 2479 die

173 2495 334 2580 duodecim
350 2499 445 2560 millia
460 2498 608 2582 peditum,
629 2500 761 2582 quinque
782 2500 918 2581 equitnm
939 2500 1081 2563 adversus
1096 2502 1219 2564 hostem

173 2581 268 2647 ducit.
312 2582 378 2647 Nec
401 2582 599 2669 Sempronius
614 2587 720 2649 consul
740 2585 821 2669 (jam
841 2587 1080 2651 enim'redierat‘
1095 2588 1135 2649 ab
1155 2587 1218 2652 Ro·

172 2670 237 2749 ma)
255 2670 435 2735 detrectavit
447 2684 622 2735 certamen:
648 2675 740 2755 atque
755 2696 794 2736 eo
808 2674 859 2737 die
880 2675 939 2737 tria
958 2674 1055 2737 millia
1076 2696 1219 2758 passuum

172 2755 343 2821 interbi'na
357 2771 458 2822 castra
473 2759 565 2821 fuere.
608 2758 734 2822 Postero
756 2760 806 2822 die
831 2762 1007 2844 ingentibus
1022 2763 1143 2840 animis,
1164 2783 1217 2824 va·

171 2842 218 2903 rio
233 2856 354 2922 eventu,
370 2857 540 2925 pugnatum
562 2857 620 2908 cst.
640 2848 741 2927 primo
762 2867 910 2911 concursu
924 2850 1002 2913 adeo
1016 2870 1064 2913 res
1077 2848 1219 2912 Romana
1229 2887 1306 2952 pum
1315 2889 1377 2939 inm

172 2928 310 3009 superior
322 2930 392 3008 lixit,
406 2942 441 2993 ut
456 2950 525 2993 non*
542 2932 608 2994 acie
627 2932 785 2995 vincerent
798 2935 909 3014 solum,
924 2935 980 2998 aed
995 2936 1098 3019 pulsos
1113 2936 1217 2999 hostes
1228 2956 1336 3019 simper»

171 3014 206 3075 in
233 3026 334 3075 castra
354 3028 624 3097 persequerentur3
648 3039 722 3079 mox
741 3030 841 3081 castra
861 3023 1217 3107 quoque‘obpugnarent.
1228 3020 1328 3069 ”lm
1360 3100 1363 3103 ⁴

172 3097 342 3176 Hannibal,
365 3102 470 3182 paucis
486 3104 810 3185 propugnatoribus'in
832 3107 913 3168 vallo
927 3109 1084 3189 portisque
1098 3110 1217 3193 positis,
1228 3085 1348 3205 plumba·

171 3194 293 3247 ceteros
313 3185 468 3248 confertos
484 3188 528 3248 ‘in'
544 3187 648 3249 media
672 3200 773 3251 castra
794 3193 920 3273 recepit,
945 3194 1140 3277 intentosque
1155 3200 1217 3282 sig·
1238 3168 1252 3207 θ
1277 3186 1284 3201 ’
1305 3214 1308 3219 ·

170 3290 249 3333 num
265 3270 304 3331 ad
319 3273 538 3354 erumpendum
554 3284 694 3355 spectare
708 3274 808 3358 jubet.
850 3276 923 3339 Jam
943 3284 1037 3341 nonu
1048 3280 1142 3345 ferme
1157 3285 1221 3348 diei

170 3358 250 3419 hora
282 3370 358 3435 erat,
395 3377 488 3438 quum
520 3358 688 3437 Romanus,
717 3363 934 3444 nequidquam¹
952 3366 1082 3448 fatigato
1107 3370 1228 3452 milite,

168 3455 335 3527 postquam
356 3444 440 3505 nulla
457 3466 527 3527 spes
548 3456 615 3506 erat
634 3446 777 3528 potiundi
803 3451 930 3529 castris,
943 3452 1064 3533 signum
1080 3459 1222 3541 receptui

170 3530 270 3610 dedit,
311 3529 402 3600 Quod
423 3530 474 3591 ubi
495 3529 650 3592 Hannibal
672 3534 801 3615 accepit,
822 3535 1017 3619 laxatamque
1031 3562 1165 3623 pugnam
1182 3556 1216 3609 er

170 3636 320 3679 recessum
337 3640 356 3678 a
371 3617 477 3679 castris
496 3618 584 3695 vidit,
604 3620 759 3701 extemplo
778 3622 929 3701 equitibus
949 3624 1059 3688 dextra
1080 3628 1224 3711 levaque

170 3702 288 3765 emissis
300 3703 331 3764 in
345 3703 477 3781 hostem,
489 3704 554 3786 ipse
566 3724 635 3765 cum
645 3706 783 3786 peditum
792 3709 900 3771 robore
915 3713 942 3757 ‘⁷
951 3711 1092 3774 medius⁸
1105 3718 1214 3779 castris

170 3790 281 3870 erupit.
296 3809 400 3871 pugna
414 3810 481 3857 raro
497 3790 559 3851 ulla
582 3791 680 3873 magis
695 3814 784 3871 sava,
808 3798 846 3856 et'
863 3816 931 3857 cum
946 3798 1216 3884 utriusquepartis

53 3871 58 3889 '
168 3875 301 3958 pernicie
317 3874 425 3937 clarior
439 3876 555 3955 fuisset,
576 3878 602 3939 si
615 3879 743 3942 extendi
763 3882 832 3942 ea'm
853 3881 918 3943 dies
942 3884 973 3945 in
998 3883 1124 3967 longum
1139 3907 1212 3969 spa-

328 4042 340 4077 t
355 4034 509 4084 intercluderet
520 4036 595 4085 Gron.
606 4036 675 4087 Cres.
867 4046 879 4072 ²
892 4042 968 4089 modiis
975 4041 1049 4091 Doer.

197 4147 220 4183 θ’
232 4148 247 4180 “
258 4146 515 4212 Reciprocoreaninrarn]
534 4152 620 4201 Aircm
631 4166 672 4201 ex·
736 4150 759 4187 ⁶⁶
775 4151 865 4218 Strage]
888 4153 978 4220 Strages
995 4167 1172 4209 eremorum
1185 4174 1211 4212 ct

166 4213 187 4263 ci
216 4230 241 4263 rc
263 4216 346 4278 primo,
369 4215 423 4263 dein
444 4216 534 4275 efflare,
557 4218 674 4282 reciproco
702 4218 829 4279 latentium
839 4234 959 4283 corporum
968 4222 1102 4273 multitudo.

168 4280 174 4293 '
194 4280 426 4338 omnequndevna
436 4282 529 4343 pendet.
735 4280 758 4320 ⁶⁷
775 4282 864 4332 Medius
872 4286 950 4335 metris
957 4288 1039 4349 mpii.
1066 4287 1211 4354 Pagrum

199 4342 221 4378 ⁶⁵
236 4344 311 4408 Aqua]
335 4346 402 4409 Aqua
423 4346 510 4395 sublata
529 4362 555 4396 ac
576 4362 671 4413 suspen.
704 4347 753 4395 ullo
768 4351 839 4411 naga
853 4365 908 4398 reon
935 4350 993 4401 ldae
1011 4353 1037 4401 in
1054 4356 1142 4417 scripris
1157 4372 1209 4405 cor.

162 4424 188 4457 sa
203 4410 297 4469 virenti,
312 4428 384 4476 quum
401 4410 426 4463 iu
441 4416 494 4463 rire
512 4426 671 4465 cormones·
704 4423 772 4475 mpts
792 4424 918 4533 widh,
956 4420 961 4431 “
1001 4417 1119 4471 &cumb
1140 4422 1208 4471 debe·

162 4485 208 4525 set.
704 4488 756 4529 tur:
772 4492 828 4531 uuo

205 4560 281 4611 vot.
293 4565 328 4611 11.
759 4562 779 4610 Β
