3092 5200
523 537 582 642 T.
621 533 796 642 LIVII
846 533 1160 656 PATAVIN
1163 533 1189 640 I

663 771 856 848 arasa
906 768 1030 848 xxa

733 977 965 1000 Μ

164 1167 198 1218 u.
210 1170 239 1220 c·
253 1172 309 1222 539.
375 1159 475 1227 DUM
487 1163 550 1227 hnc
566 1163 597 1225 in
612 1161 717 1226 Africa
730 1173 823 1244 atque
838 1161 871 1224 in
886 1155 1040 1246 Hispania
1054 1169 1205 1244 gernnbrr,
1220 1157 1379 1222 Hannibal

165 1235 303 1348 ffizffl·
332 1251 364 1312 in
387 1273 460 1334 agro
474 1249 644 1314 Tarentino
664 1261 802 1313 aestatem
820 1249 999 1327 consumsit,
1024 1269 1077 1332 spe
1100 1267 1155 1331 per
1169 1247 1375 1332 proditionem

165 1315 292 1415 «ιτῖω,
333 1337 414 1400 urbis
433 1335 667 1400 Tarentinorum
693 1335 857 1421 potiunda.
881 1336 1031 1419 ¹ipsorum
1055 1335 1176 1396 interim
1192 1332 1376 1396 Sallentino·

165 1439 225 1480 rum.
331 1445 398 1486 rum
413 1425 561 1506 ignobiles
582 1425 670 1486 urbes
691 1425 731 1486 ad
757 1443 827 1484 eum
844 1422 1029 1485 deiecerunt.
1066 1419 1184 1482 Eodem
1196 1433 1331 1504 tempore
1343 1418 1376 1483 in

331 1507 459 1572 Bruttiis
490 1531 529 1572 ex
543 1509 704 1574 duodecim
734 1510 864 1595 populis,
894 1510 946 1591 qui
972 1513 1072 1570 ²anuo
1092 1508 1193 1590 priore
1214 1506 1253 1569 ad
1267 1505 1377 1568 Poeuos

333 1595 532 1678 desciverant,
558 1595 737 1662 Consentini
762 1609 795 1659 et
818 1593 946 1659 Thurini
969 1597 1001 1658 in
1019 1594 1111 1658 tidem
1134 1593 1237 1678 populi
1246 1591 1378 1654 Romani

333 1681 495 1747 redierunt.
534 1681 575 1746 Et
595 1686 696 1767 plures
722 1681 892 1761 rediissent,
916 1681 948 1744 ni
957 1681 997 1745 Τ.
1008 1681 1213 1766 ‘Pomponius
1230 1677 1377 1741 Veienta·
1450 1725 1457 1738 .

333 1789 389 1831 nus
415 1770 574 1854 praelectus
597 1771 726 1849 socium,
754 1769 905 1854 prosperis
933 1769 1051 1852 aliquot
1074 1766 1326 1852 populationibus
1346 1764 1378 1826 in

334 1875 408 1938 agro
423 1855 545 1919 Bruttio
556 1855 631 1940 justi
647 1851 732 1920 ducis
751 1857 883 1940 speciem
893 1871 1009 1935 nactus,
1025 1855 1226 1938 tumultuario
1245 1852 1380 1915 exercitu

333 1954 453 2024 coacto,
469 1965 538 2006 cum
552 1941 708 2007 Hannone
728 1943 922 2006 conflixisset.
944 1941 1062 2026 Magna
1086 1942 1127 2003 ibi
1147 1942 1192 2002 vis
1208 1940 1377 2016 hominum,

334 2027 388 2091 s'ed
403 2031 566 2094 inconditae
580 2033 673 2094 turbae
698 2031 862 2114 agrestium
881 2051 1100 2111 servommque,
1116 2049 1193 2090 caesa
1214 2037 1267 2088 aut
1285 2035 1377 2108 capta

334 2125 400 2177 est:
425 2118 644 2199 minimumque
656 2118 783 2200 jacturae
810 2117 879 2196 fuit,
898 2117 980 2200 quod
995 2116 1150 2200 praefectus
1165 2116 1246 2176 inter
1256 2123 1375 2174 ceteros

333 2213 380 2262 est
400 2214 517 2285 captus,
534 2215 566 2266 et
588 2215 652 2266 turn
665 2205 831 2266 temerariae
844 2224 952 2287 pugnae
963 2213 1075 2282 auctor,
1099 2213 1131 2264 et
1146 2212 1217 2262 ante
1236 2198 1373 2283 publica-

325 2285 400 2364 nus,
415 2287 556 2350 omuibus
567 2290 655 2352 malis
667 2291 781 2352 artibus
796 2302 828 2353 et
842 2291 1013 2374 reipublice
1028 2300 1059 2352 et
1073 2285 1290 2350 'societatibus
1304 2283 1375 2347 infi-

328 2371 390 2432 dus
428 2373 660 2457 danrnosusque.
698 2375 894 2459 Sempronius
924 2377 1029 2440 consul
1048 2376 1080 2437 iu
1114 2373 1246 2437 Lucanis
1281 2372 1379 2434 multa

325 2457 440 2540 proelia
455 2481 557 2542 parva,
578 2461 659 2523 haud
678 2462 773 2524 ullum
794 2461 919 2546 dignuin
932 2473 1113 2540 memoratu,
1127 2462 1222 2522 fecit:
1243 2471 1275 2521 et
1288 2459 1377 2540 igno-

327 2543 406 2607 ·bilin
429 2546 542 2629 oppidu
568 2545 761 2611 Lucanorum
789 2549 907 2633 aliquot
928 2549 1122 2635 expugnavit.
1140 2571 1145 2581 ·
1166 2545 1234 2618 Quo
1263 2545 1375 2607 diutius

333 2632 510 2695 trahebatur
547 2634 669 2715 bellum,
706 2648 737 2698 et
766 2637 926 2721 uariabant
951 2637 1090 2699 secunda
1119 2636 1305 2714 adversasque
1326 2652 1375 2693 res

166 2718 313 2783 Superstitio-
325 2738 393 2799 uon
406 2719 560 2783 fortunam
575 2724 683 2805 magis,
698 2744 790 2805 quam
801 2723 929 2802 animos,
943 2724 1101 2785 hominum
1113 2746 1123 2801 3
1149 2732 1235 2782 tauta
1257 2717 1374 2799 religio,

166 2782 302 2897 affl*
326 2814 363 2866 ‘et
378 2825 415 2866 ea
429 2826 542 2889 magna
556 2828 594 2870 ex
620 2820 707 2893 parte
731 2820 868 2886 externa,
883 2810 1036 2872 civitatem
1052 2800 1186 2887 incessit,
1200 2818 1234 2871 ut
1248 2815 1301 2868 aut
1315 2805 1372 2864 ho-
1394 2865 1397 2869 .

252 2882 260 2900 ’
328 2890 440 2981 mines,
465 2904 518 2954 aut
531 2890 583 2956 Dii
604 2906 728 2979 repente
754 2895 805 2957 alii
822 2895 994 2958 viderentur
1019 2896 1104 2958 lacti.
1123 2916 1180 2956 nec
1199 2892 1264 2975 ja'rn
1277 2892 1308 2952 in
1323 2910 1373 2951 se·

332 2990 417 3042 creto
441 2980 535 3043 modo
555 2994 646 3063 atque
662 2983 741 3043 intra
765 2982 897 3064 parietes
912 2982 1114 3045 abolebantur
1130 2980 1262 3043 Romani
1279 2978 1375 3053 ritus3

331 3061 386 3126 sed
415 3064 447 3128 in
476 3066 599 3151 publico
621 3068 712 3129 ctiam
736 3088 771 3129 ac
797 3068 863 3131 soro
878 3068 1090 3151 Capitolioque
1113 3066 1274 3128 mulierum
1288 3064 1378 3126 turba

332 3162 408 3230 erat,
430 3174 487 3215 nec
502 3154 747 3234 sacrificantium,
770 3176 827 3216 nec
842 3156 1031 3238 precantium
1052 3153 1135 3215 Deos
1156 3154 1256 3236 patrio
1281 3170 1376 3213 more.

332 3232 500 3301 Sacrificuli
522 3261 557 3303 ac
572 3254 656 3305 vates
670 3252 816 3326 ceperant
830 3242 988 3305 hominurn
1013 3253 1153 3303 mentes:
1176 3254 1303 3322 quorum
1319 3258 1376 3299 nu-

331 3344 447 3385 merum
463 3326 549 3389 auxit
563 3328 674 3390 rustica
696 3328 793 3410 plebs,
814 3350 853 3390 ex
873 3328 996 3391 incultis
1010 3328 1129 3391 diutino
1144 3327 1226 3389 bello
1241 3324 1376 3387 infestis-

330 3430 389 3491 que
415 3413 495 3493 agris
509 3424 644 3493 egestate
659 3426 691 3475 et
712 3426 795 3476 metu
821 3414 853 3475 in
878 3416 983 3476 urbem
998 3414 1156 3497 compulsa
1166 3436 1176 3492 3
1195 3424 1228 3474 et
1242 3421 1376 3492 quoestus

330 3516 368 3557 ex
393 3494 495 3558 alieno
519 3518 619 3559 errore
635 3496 743 3576 facilis,
772 3518 861 3579 quem
886 3500 971 3562 uelut
998 3521 1036 3561 ex
1060 3520 1211 3562 concessae
1231 3498 1303 3560 artis
1317 3516 1374 3557 usu

332 3582 525 3643 exercebant.
570 3580 671 3645 Primo
702 3596 826 3647 secretae
847 3584 998 3649 bonorum
1027 3582 1255 3669 indignationes
1280 3602 1376 3645 exau·

328 3665 633 3747 diebautur,‚deiude
657 3670 715 3732 ⁴ad
743 3668 847 3733 Patres
871 3672 963 3734 etiam
985 3674 1076 3735 etad
1101 3674 1257 3759 publicam
1275 3668 1375 3752 queri·

324 3752 462 3815 'moniam
492 3754 622 3817 excessit
651 3777 709 3818 res.
747 3754 882 3819 Incusati
906 3760 1040 3841 graviter
1067 3762 1122 3844 ab',
1136 3771 1245 3824 senatu
1274 3756 1376 3820 aediles

714 3888 725 3913 ¹
742 3886 769 3937 T.
779 3889 796 3937 l.
805 3886 836 3939 L.
848 3888 922 3938 Grou.
936 3890 1006 3943 Cres.

361 3990 368 4023 ¹
397 3988 496 4053 Ipmn
527 3993 616 4041 tanum
647 3992 830 4058 uminum]
896 3996 1377 4057 ⁴·Aurarm....aeupubtimrue·

326 4054 450 4114 Legatum
463 4056 649 4108 illnliubcnio:
667 4056 833 4120 immiste-
864 4063 988 4119 ricinium,
1015 4063 1101 4109 uenit
1127 4061 1173 4123 ra]
1210 4060 1245 4106 Eo
1274 4060 1375 4105 nemis

326 4121 370 4165 rin
391 4128 412 4167 et
432 4120 612 4172 Sallentinorum.
655 4121 713 4184 lquor
733 4124 835 4187 intellige
866 4140 911 4184 res,
931 4138 958 4175 ut
974 4129 1023 4189 jam
1041 4126 1120 4173 Patres
1139 4126 1165 4173 in
1186 4138 1238 4173 earn
1258 4122 1376 4183 inquirere

323 4180 475 4245 ¹'larerrr'urun
506 4189 673 4237 Gronovius.
865 4206 891 4239 se
911 4192 996 4239 debere
1015 4190 1182 4249 existimator,
1202 4201 1376 4251 qucreotnrque

361 4245 448 4321 *Apus
465 4248 548 4315 odon]
569 4251 666 4301 Duobus
686 4260 742 4303 ante
763 4255 837 4313 ωηίι,
865 4257 896 4305 ds
914 4272 944 4309 ee
962 4266 1073 4321 tanquam
1091 4257 1120 4304 ed
1140 4254 1304 4320 rempublicam
1324 4267 1379 4314 per·

330 4316 562 4378 auterumsnrpliur.
595 4316 835 4381 vrasupntxxrv.
864 4323 965 4377 turmo.
1014 4323 1074 4373 Huc
1106 4320 1249 4385 qucrimonia
1283 4329 1379 4366 emtus

240 4406 243 4413 ‚
330 4386 353 4419 c.
367 4372 540 4450 herigarius.
556 4382 628 4431 asu.
658 4384 703 4432 Sed
722 4384 773 4433 beo
791 4385 837 4441 rni-
864 4392 964 4454 patina,
978 4403 1030 4439 tum
1049 4390 1103 4451 qu'n
1120 4403 1168 4437 uoti
1179 4390 1228 4451 jen
1245 4401 1260 4433 ι
1277 4384 1380 4449 privssl's

330 4445 386 4485 nuta
397 4434 489 4497 uegbgu
499 4440 547 4492 iore
558 4446 642 4495 Livius.
867 4457 907 4503 ud
925 4472 938 4503 a
955 4466 1006 4504 toto
1018 4467 1100 4503 umen
1111 4451 1309 4518 podtbecbsturg
1325 4461 1378 4497 tun

363 4498 538 4569 smnus]
556 4508 738 4575 iutimare
868 4518 921 4581 qua
949 4520 978 4570 ar
1004 4518 1139 4583 arpena
1159 4519 1230 4571 aas·
1249 4514 1380 4579 monui·
