3092 5200
338 373 400 433 220
671 409 676 418 ,
766 366 970 431 attruvn

170 557 204 610 υ.
217 555 247 606 0·
258 559 315 610 533,
326 522 476 584 ,muliebri
501 525 527 562 ¹¹¹
541 523 659 604 spiritu,
682 522 827 583 admonet
838 541 917 604 saepe
932 518 1236 604 usurpataeDiouysii
1260 521 1380 606 tyranni

170 625 202 673 n.
215 624 310 676 call.
326 609 441 670 uocis:
464 629 535 690 qus,
561 609 711 690 ‘pedibus
725 620 867 685 murm,
890 628 952 668 non
968 607 1149 668 insidentem
1172 629 1263 689 equo,
1286 609 1380 670 relin-

339 696 349 727 ‘
364 715 455 777 quere
470 693 682 778 tyrannidem,'
698 694 817 770 dixerit,
832 695 842 725 ‘
858 694 977 754 debere.
1011 691 1113 755 Facile
1127 714 1193 754 esse
1208 706 1379 772 momento,

337 781 424 862 ‘quo
439 783 506 862 quis
519 781 602 858 velit,
627 781 734 842 cedere
757 780 947 862 possessione
967 799 1084 860 magnae
1104 779 1248 848 fortuna:
1277 780 1380 842 facere

338 867 349 899 ‘
364 879 397 927 et
412 885 519 947 parare
534 888 613 944 eam,
629 867 750 930 difficile
765 878 856 946 atque
870 866 996 926 arduum
1012 870 1035 903 ¹¹
1047 886 1123 926 esse.
1154 865 1314 932 Paullum?
1325 887 1379 928 su·

337 953 349 984 ‘
364 966 461 1016 meret
475 954 565 1035 spatii
582 954 622 1015 ad
638 953 872 1015 consultandum
887 951 1057 1031 ablegatis.
1072 972 1109 1012 eo
1122 963 1256 1014 uteretur
1273 952 1314 1014 ad
1329 974 1378 1014 ar·

337 1041 348 1071 ‘
363 1041 523 1101 cessendos
546 1061 585 1101 ex
600 1038 755 1101 Leontinis
772 1039 901 1099 militess
929 1039 1035 1118 quibus
1049 1037 1074 1097 si
1088 1039 1252 1120 pecuniam.
1262 1039 1379 1121 regiam

338 1125 348 1174 ‘-
363 1125 518 1207 pollicitus
533 1137 623 1203 esset,
645 1126 750 1186 omnia
764 1125 795 1185 in
811 1135 964 1206 potestate
977 1123 1042 1205 ejus
1057 1123 1174 1186 lutura'
1218 1124 1294 1188 Haec
1309 1147 1378 1186 mu·

336 1211 443 1272 liebria
466 1213 593 1273 consilia
617 1211 856 1272 Andranodorus
880 1231 977 1291 neque
1004 1220 1071 1270 tota
1100 1211 1295 1293 adspernatus
1319 1224 1379 1288 est,

336 1317 434 1379 neque
448 1299 605 1379 extemplo
620 1298 760 1378 accepit:
783 1298 927 1358 tutiorem
942 1296 982 1356 ad
996 1316 1070 1377 opes
1085 1296 1281 1361 adfectandas
1294 1310 1377 1359 rann

337 1403 402 1443 esse
424 1383 516 1461 viam,
536 1385 561 1444 si
583 1385 615 1444 in
630 1385 791 1465 praesentia
805 1383 934 1466 tempori
949 1384 1098 1445 cessisset.
1131 1381 1246 1464 :ltaque
1260 1384 1378 1464 legatos

337 1470 514 1530 renunciare
535 1469 636 1551 jussit,
657 1470 789 1531 suturmn
812 1491 846 1530 se
862 1471 893 1530 in
907 1480 1030 1530 senatus
1046 1490 1082 1530 ac
1096 1469 1199 1551 populi
1213 1481 1377 1550 potestate

337 1552 464 1617 Postero
489 1557 538 1617 die
561 1556 627 1618 luce
653 1557 762 1637 prima,
788 1555 950 1639 patefactis
974 1553 1081 1616 Insulae
1107 1555 1212 1637 portis,
1233 1554 1377 1620 inferum

337 1641 519 1704 Achradinae
547 1643 640 1705 venit.
666 1643 706 1704 ibi
737 1645 768 1704 in
794 1663 879 1704 amm
909 1640 1098 1717 Concordia,
1126 1661 1165 1702 ex
1194 1661 1255 1721 qua
1281 1642 1380 1722 pridie

275 1787 279 1794 ,
337 1725 493 1810 Polyaenus
508 1730 704 1791 concionatus
719 1740 796 1805 erat,
818 1728 976 1790 escendit:
1004 1726 1233 1808 orationemque
1248 1748 1314 1788 eam
1328 1748 1380 1788 or·

170 1826 316 1893 onrioejus
338 1834 388 1875 sus
414 1827 472 1893 est,
494 1835 554 1895 qua
575 1816 705 1898 primum
730 1815 932 1876 cunctationis
946 1835 1006 1875 suae
1019 1814 1138 1874 veniam
1153 1813 1269 1895 petivit.
1313 1810 1379 1874 ‘Se

170 1893 312 1958 ¹¹⁵t¹¹⁶v2
338 1901 444 1962 lenim
466 1902 584 1963 clausas
610 1902 751 1963 habuisse
775 1912 889 1983 portas,
911 1922 973 1962 non
996 1912 1189 1981 separantem
1207 1920 1276 1960 suas
1290 1919 1337 1962 res
1358 1921 1379 1960 a

170 1973 247 2010 ''¹²⁰''
338 1987 349 2020 ‘
363 1988 503 2068 publicis,
525 1988 579 2049 sed
594 1989 705 2050 strictis
720 1988 814 2048 semel
828 1987 938 2069 gladiis
951 1987 1122 2063 timentem,
1138 1987 1190 2068 qui
1205 1987 1274 2048 linis
1286 1984 1377 2046 caedi·

316 2149 321 2156 ,
337 2074 349 2106 ‘
363 2075 419 2134 bus
433 2085 514 2136 esset
526 2075 662 2136 futilius:
685 2086 798 2153 utrum,
810 2075 892 2156 quod
906 2074 979 2134 satis
994 2073 1126 2134 libertati
1141 2073 1228 2148 foret,
1237 2071 1376 2134 contenti

337 2159 438 2221 ‘nece
452 2162 570 2242 tyranni
595 2172 706 2239 essent,
729 2181 780 2238 en,
801 2162 982 2244 quicumque
1000 2171 1054 2221 aut
1067 2158 1301 2241 propinquitate,
1322 2166 1379 2218 aut

336 2245 531 2321 ‘adfinitate,
564 2258 616 2308 aut
646 2247 795 2329 aliquibus
823 2246 1008 2322 ministeriis⁴
1025 2246 1138 2327 regiam
1166 2245 1379 2325 contigissent,

336 2329 465 2393 ‘alienae
479 2332 575 2414 culpae
590 2335 633 2395 rei
647 2335 879 2396 trucidarentur.
917 2337 942 2371 ¹¹¹
957 2331 1122 2412 Postquam
1136 2329 1380 2405 animadvertit‘‚

335 2416 347 2448 ‘
362 2437 425 2493 eos,
450 2419 501 2498 qui
516 2419 694 2482 liberassent
707 2422 850 2502 patriam,
873 2440 990 2480 servare
1011 2420 1105 2480 etiarn
1118 2418 1279 2480 liberatam
1294 2415 1379 2493 velle,

335 2503 452 2584 ‘atque
477 2508 501 2542 ¹³
513 2506 646 2586 undique
671 2507 789 2569 consuli
812 2508 844 2567 in
862 2505 1016 2582 medium3
1038 2526 1102 2566 non
1117 2504 1280 2580 dubitasse,
1304 2503 1377 2583 quin

336 2588 394 2651 ‘et
418 2611 528 2673 corpus
554 2591 654 2672 suum,
677 2605 709 2655 et
734 2606 836 2656 cetera
859 2593 973 2671 omnia,
1000 2595 1025 2631 ¹¹
1041 2613 1107 2673 quae
1125 2613 1185 2653 suae
1205 2591 1274 2653 fidei
1291 2602 1375 2653 tute·

335 2676 455 2757 ‘leque
483 2690 594 2757 essent,
626 2682 771 2761 quoniam
801 2702 881 2758 eum,
908 2680 959 2761 qui
978 2679 1161 2755 mandasset,
1192 2698 1262 2739 suus
1290 2677 1394 2743 firror-

334 2763 566 2843 ‘absumsisse
580 2768 684 2848 patriae
708 2765 901 2829 restitueret!
946 2764 1245 2833 Convemusdeiude
1263 2764 1303 2825 ad
1324 2764 1373 2823 in·

334 2847 536 2913 ‘terfectores
561 2855 692 2935 tyranni,
715 2874 750 2915 ac
780 2854 905 2915 nomine
931 2852 1087 2935 adpellans
1108 2849 1308 2914 ‚lbeodotum
1334 2870 1373 2911 ac

263 2972 265 2977 ,
335 2934 344 2967 ‘
360 2932 480 2997 Sosim:
498 2939 508 2970 ‘
523 2938 673 3018 Facinus,'
689 2940 798 3021 inquit,
813 2940 1030 3001 ‘memorabile
1044 2938 1170 3001 fecistis.
1210 2936 1283 3014 Sed,
1296 2936 1375 2997 mibi

334 3020 345 3054 ‘
360 3023 483 3103 credite,
506 3025 650 3087 inchoata
664 3038 763 3088 vestra
777 3026 885 3108 gloria,
906 3026 1043 3089 nondrun
1058 3025 1205 3107 perlecta,
1223 3037 1271 3086 cst
1285 3046 1296 3100 3
1318 3043 1376 3104 pe·

333 3108 344 3140 ‘
360 3109 547 3191 ticulumqne
563 3113 669 3193 ingens
684 3127 800 3190 manet,
824 3112 881 3173 nisi
897 3114 964 3194 paci
980 3125 1012 3173 et
1025 3111 1197 3174 concordiae
1210 3108 1377 3186 consulitis,

332 3196 344 3227 ‘
359 3199 385 3235 ¹¹
399 3216 437 3257 ne
452 3197 548 3261 libera
561 3199 701 3261 efferatur
716 3196 902 3282 respublica!

398 3368 409 3393 ¹
426 3362 559 3413 Paullulum
571 3364 645 3417 Gron.
657 3364 727 3414 cns.
962 3362 1160 3412 ¹cnisnudnertes'it
1168 3362 1240 3411 noer.
1251 3362 1312 3427 llup.

358 3500 389 3576 '¹⁰
404 3498 419 3527 ⁸
435 3500 532 3566 Spiritu]
548 3502 666 3565 Superbia,
681 3510 771 3549 tumore
789 3503 839 3550 sui-
870 3504 971 3567 undique
981 3502 1103 3567 conspicari
1116 3503 1142 3550 in
1153 3515 1295 3550 communem
1310 3498 1374 3547 salu·

359 3580 374 3611 l.
869 3580 927 3617 tem·

369 3628 388 3660 ¹¹
417 3626 475 3677 Eue.
504 3628 628 3678 Paululum
650 3640 742 3679 sunem
762 3634 840 3698 sputis]
905 3630 952 3666 ¹⁴⁸
965 3630 1020 3685 Qua
1035 3649 1079 3686 sue
1088 3632 1148 3694 fidei
1164 3630 1275 3692 sinuque
1292 3629 1373 3692 mat]

334 3691 423 3741 Omnes
435 3692 506 3741 MSS.
520 3694 623 3753 ignorant
637 3695 741 3745 ultimsrn
752 3715 840 3747 vocem
871 3697 932 3745 ssusa
949 3699 977 3745 ad
992 3713 1057 3747 surm
1076 3700 1144 3747 fidem
1164 3696 1302 3756 tutelamque
1319 3710 1373 3757 per·

333 3754 396 3807 Vere
413 3760 508 3809 omnino
523 3760 572 3808 Jsc.
593 3760 722 3810 Gronovius
739 3765 839 3827 suspica·
869 3764 1051 3825 cineremque
1067 3780 1115 3812 suae
1134 3762 1187 3813 adei
1207 3761 1289 3810 tuenda
1309 3774 1374 3807 totn-

333 3834 373 3872 tur
392 3824 422 3873 rb
439 3826 558 3889 paululant
579 3827 626 3875 sive
645 3828 739 3889 paulum
755 3831 840 3877 mutari
869 3829 1030 3877 minaesseot.

333 3890 563 3953 debereinqrstiwa.
597 3892 627 3941 tr
639 3893 698 3941 treet
709 3892 760 3941 Pur.
771 3895 838 3956 liber,
903 3894 923 3927 ¹⁵
952 3893 986 3941 Ns
1015 3894 1082 3941 libera
1109 3892 1215 3959 effamur
1241 3887 1372 3953 [epublioe]

334 3957 373 4017 qul
389 3956 519 4006 habetm
532 3957 648 4017 paullum:
665 3958 704 4007 ubi
721 3960 839 4025 vidcspri-
869 3958 969 4022 Exponit
990 3959 1111 4021 Sigonius:
1135 3974 1165 4007 ue
1183 3957 1255 4005 libera
1276 3956 1377 4002 interest

334 4036 394 4069 ruam
413 4024 513 4073 litterum
528 4023 590 4071 vocis
604 4025 698 4085 spatium
719 4025 839 4074 adhesise
869 4025 1013 4088 respublicr;
1040 4040 1070 4072 ns
1097 4026 1134 4077 id.
1147 4036 1219 4073 mum
1244 4036 1273 4067 ex
1299 4030 1376 4065 mone

332 4087 472 4147 verbosus,
494 4090 553 4151 quod
574 4088 688 4151 praecedit.
728 4090 840 4152 Legum
869 4091 961 4153 tyranni
982 4090 1071 4137 frustm
1091 4090 1175 4153 capiat,
1199 4097 1224 4134 ut
1244 4084 1316 4132 libers
1337 4085 1375 4129 in·

333 4154 447 4211 ergosine
463 4153 508 4202 ulla
521 4152 765 4205 dubitatione...cue.
781 4155 839 4217 Spu.
869 4165 952 4202 terent.
984 4156 1199 4218 Interpretaticnem
1219 4166 1282 4199 susm
1298 4150 1375 4195 firmat

333 4216 388 4259 llum
398 4218 711 4271 mnndudmnsultrndum.
870 4218 981 4268 musimili
1006 4221 1112 4284 exemplo
1135 4236 1163 4269 ex
1189 4222 1207 4269 l.
1232 4227 1328 4267 ulm-
1352 4230 1376 4263 t.

369 4278 390 4310 ¹⁹
406 4279 522 4344 Postquam
530 4284 696 4347 animaduertit]
712 4284 776 4348 Lege
786 4301 840 4334 cum
872 4286 911 4333 28.
946 4283 997 4332 Mos
1015 4286 1175 4349 naussum
1190 4289 1249 4335 outa
1264 4287 1315 4327 Μ
1330 4295 1377 4327 ¹¹⁶·

334 4338 451 4390 Gronovio
460 4348 644 4397 animaduerterit.
869 4347 965 4408 publicu.
1009 4350 1085 4397 Aliter
1110 4350 1221 4412 intelligit,
1242 4347 1381 4403 Gronovius,

367 4405 387 4440 ¹³
400 4405 415 4433 ¹¹
430 4406 530 4471 Undique
537 4414 621 4461 consuli
630 4416 655 4460 iu
670 4412 774 4475 medum]
790 4413 841 4463 Ne·
871 4428 964 4475 nempe,
976 4429 1007 4461 ne
1027 4416 1152 4478 respublica
1171 4413 1276 4467 libertati
1296 4428 1377 4466 recem

333 4471 474 4521 miuemsibi
487 4476 587 4537 propriu
603 4492 658 4541 opes
673 4492 785 4541 querere,
800 4480 840 4527 sed
870 4480 1081 4547 pansemoderari
1099 4494 1210 4551 nequeat,
1231 4491 1256 4531 et
1279 4484 1334 4533 esui
1353 4479 1380 4528 iu
