3092 5200
516 293 738 356 amasus
761 292 923 356 maxa.
1103 358 1105 363 ,
1178 299 1239 383 us

183 445 290 533 opinio
306 444 508 511 Hannibalis:
524 443 618 525 quod,
628 444 687 507 etsi
696 454 849 507 eaoesrate
861 443 1105 508 transiturumin
1114 440 1237 509 Italiam
1251 452 1321 503 uc.
1332 458 1392 513 aaa.

184 534 310 595 mnam
336 530 520 607 crediderat,
544 528 736 594 recordando
762 550 828 613 quae
858 528 922 613 ipse
947 528 979 589 in
1001 528 1135 594 transitu.
1155 518 1394 595 numbssdlls

185 612 341 697 Rhodani,
364 637 445 681 nunc
467 614 605 698 Alpium,
629 635 701 677 cnm
720 614 896 679 houu'nibus
915 614 1050 695 locisque
1071 614 1237 697 pugnando

182 725 241 789 per
261 705 394 787 quinque
408 722 528 765 menses
542 700 742 780 exhausisset,
764 698 1000 785 haudquaquam
1026 709 1092 765 tam
1116 698 1236 765 facilem

129 826 135 835 ·
179 802 401 876 ,maturumque
422 788 585 851 transitum
607 786 815 869 exspectabat.
838 807 876 849 ca
896 784 1011 849 tardius
1033 785 1175 853 movendi
1199 807 1238 849 ex

184 875 320 939 hibernis
336 896 444 937 caussa
458 874 528 937 brit.
571 870 717 937 Ceterum
732 870 920 938 Hasdrubali
940 882 973 935 et
991 892 1048 936 sua
1061 884 1094 936 et
1109 872 1236 937 aliorum

183 983 241 1045 spe
256 960 360 1024 omnia
379 954 528 1024 celeriora
548 970 639 1045 atque
663 958 855 1043 expeditiora
881 958 976 1023 suere.
1000 979 1063 1023 nnn
1085 957 1167 1024 enim
1187 980 1237 1025 re·

186 1058 334 1131 ceperunt
359 1046 453 1111 modo
475 1044 603 1110 Arverni
627 1065 709 1123 eum,
730 1044 934 1128 deincepsque
954 1044 1021 1111 aliae
1043 1042 1168 1109 Gallicoe
1187 1054 1236 1109 ab·
1248 1064 1358 1115 oulust

184 1153 245 1217 que
263 1131 386 1215 Alpina
406 1144 534 1217 gentes3
565 1131 621 1194 sed
643 1132 739 1193 etiam
759 1142 875 1199 secute.
892 1141 963 1201 sunt
983 1130 1026 1193 ad
1051 1129 1175 1195 bellum.
1205 1129 1338 1207 atilli!²⁵⁵

227 1239 280 1281 um
294 1240 348 1301 per
362 1219 484 1282 munita
497 1218 642 1301 pleraque
664 1217 796 1281 trarnnu
819 1216 1017 1299 fratrisque
1040 1229 1133 1281 antea
1156 1194 1398 1311 iuviaffiffifi‘

183 1239 320 1383 Aderant,
342 1305 495 1383 ducebat3
518 1314 584 1365 arni
607 1302 713 1383 etiam,
737 1302 903 1368 duodecim
923 1322 1074 1367 annonan
1092 1300 1236 1371 adsuetu-

185 1390 258 1453 dine
287 1390 397 1473 perviis
426 1388 555 1471 Alpibus
583 1388 684 1467 iactis,
719 1388 799 1451 inter
834 1390 959 1453 mitiora
980 1388 1049 1471 jam
1077 1389 1236 1455 bominum

92 1496 102 1507 ·
186 1476 340 1540 transibm
358 1476 482 1561 ingenia
524 1472 676 1539 invisitati
691 1496 824 1557 namque
849 1487 941 1541 mstea
964 1476 1156 1561 alienigenis,
1179 1496 1237 1539 nac

180 1561 288 1625 nidera
308 1562 367 1645 ipsi
387 1561 537 1625 advenam
558 1560 591 1622 in
613 1582 668 1624 sua
689 1573 773 1639 terra
793 1560 925 1641 adsueti,
948 1562 1033 1629 omni
1054 1562 1159 1645 generi
1179 1562 1237 1628 hu-

184 1666 279 1714 mano
304 1646 496 1711 insociabiles
521 1656 619 1709 ararat.
644 1659 677 1710 et
698 1647 800 1731 primo
822 1647 930 1729 ignari,
952 1669 1013 1729 quo
1034 1646 1145 1711 Poenus
1167 1670 1237 1731 pes-

185 1744 285 1817 geret,
304 1754 374 1796 suas
395 1754 485 1815 rupes
504 1754 619 1814 suaque
637 1734 777 1813 castella,
800 1748 831 1795 et
853 1754 1000 1815 pecorum
1018 1734 1237 1817 hominumque

207 1820 322 1884 radam
347 1819 411 1901 peti
440 1818 651 1883 crediderant:
683 1819 767 1883 sarna
795 1818 906 1885 deiude
936 1816 1043 1884 Punici
1070 1819 1153 1899 belli,
1177 1841 1238 1903 quo

184 1841 404 1969 duodecimum
425 1926 538 1968 annum
563 1902 653 1967 Italia
678 1904 834 1983 urebatur,
859 1904 932 1967 satis
959 1904 1132 1983 edocuerat,
1156 1904 1237 1971 uiam

185 2002 310 2055 tanturn
323 1990 419 2073 Alpes
440 2012 527 2053 esse:
550 1990 627 2052 duas
650 1990 827 2071 praevalidas
850 1990 951 2067 urbes,
971 2012 1084 2072 magno
1106 1991 1238 2057 interae

70 2105 72 2108 ·
184 2078 278 2140 maris
303 2088 512 2157 terrarumque
537 2076 640 2159 spatio
668 2075 828 2153 discretas,
853 2075 892 2137 de
918 2075 1047 2157 imperio
1074 2086 1107 2139 et
1131 2076 1238 2159 opibus

184 2174 315 2227 certare.
334 2163 381 2225 hae
400 2182 513 2225 caussae
535 2173 717 2244 aperuerant
734 2160 829 2245 Alpes
853 2158 1067 2228 Hasdrubali·
1094 2160 1238 2229 Ceterum

185 2248 271 2333 quod
293 2248 449 2311 eeleritate
470 2246 587 2309 itineris
606 2247 780 2329 profectum
805 2257 881 2325 erat,
902 2246 934 2309 id
952 2268 1038 2314 mora
1053 2248 1092 2311 ad
1110 2247 1237 2311 Placen·
1249 2269 1389 2333 Plautum

186 2336 277 2413 tiam,
292 2335 367 2398 dum
388 2334 499 2397 frustra
516 2332 638 2395 obsidet
657 2334 767 2414 magis,
790 2353 882 2413 quam
903 2332 1072 2415 obpugnat,
1091 2335 1347 2419 corrupissent«.

182 2418 366 2485 Crediderat
388 2419 566 2502 campestris
592 2418 698 2501 oppidi
722 2417 844 2481 facilem
867 2420 1125 2503 expugnationem
1150 2442 1235 2489 esse:

183 2518 218 2572 et
231 2506 377 2571 nobilitas
390 2506 521 2569 colonia
532 2505 696 2570 induxerat
709 2526 793 2583 eum,
816 2525 962 2585 magnum
982 2526 1014 2567 sa
1034 2504 1155 2569 excidio
1169 2504 1235 2589 ejus

185 2592 270 2658 urbis
296 2606 451 2666 terrorem¹
465 2592 575 2657 ceteris
601 2605 703 2656 ratum
727 2588 921 2674 injecturum.
964 2588 1037 2656 Non
1061 2592 1160 2676 ipsum
1183 2615 1235 2660 so-

183 2679 249 2745 lum
275 2702 312 2744 ea
335 2679 524 2764 obpugnatio
547 2677 692 2762 inpediit3
716 2677 772 2742 sed
791 2675 1001 2746 Hannibalem
1025 2692 1095 2762 post
1120 2677 1235 2750 samam

183 2767 331 2832 transitus
350 2763 426 2849 ejus,
447 2775 535 2828 tanto
555 2786 609 2848 spe
628 2786 686 2826 sua
704 2764 892 2842 celeriorem,
911 2762 979 2846 jam
1001 2777 1174 2831 moventem
1195 2789 1234 2834 ex

185 2853 332 2930 hibernis,
357 2850 561 2914 continuerat.
583 2850 695 2934 quippe
718 2857 922 2932 reputantem,
946 2872 1007 2914 non
1023 2851 1123 2914 solum
1142 2874 1234 2934 quarn

185 2939 273 3002 lenta
285 2936 407 2999 urbium
420 2935 610 3018 obpugnatio
624 2947 715 3014 esset,
731 2935 787 2998 sed
804 2937 899 2998 etiam
920 2937 945 2973 ¹³
955 2957 1047 3018 quam
1070 2937 1134 3018 ipse
1154 2937 1233 3005 fnu-

177 3036 235 3098 ,tra
248 3023 388 3086 eamdem
402 3022 487 3084 illam
509 3020 673 3100 coloniam,
689 3019 728 3083 ab
740 3019 854 3084 Trebia
866 3020 964 3085 victor
978 3043 1141 3106 regressus,
1163 3033 1232 3094 teu·

159 3141 162 3147 ’
186 3121 292 3175 masec

125 3217 127 3219 ’
226 3193 297 3257 XL.
320 3191 479 3272 Consules,
494 3191 618 3256 diversis
633 3191 791 3256 itineribus
805 3193 935 3276 profecti
950 3193 988 3256 ab
1004 3194 1092 3274 urbe,
1103 3194 1186 3262 velut
1200 3195 1231 3260 in
1244 3201 1356 3250 matam
1402 3207 1406 3216 ’

169 3283 248 3359 ,auo
262 3281 378 3366 pariter
396 3279 479 3341 bella
498 3277 710 3342 distenderant
729 3297 816 3342 curas
836 3279 1006 3358 hommum,
1025 3280 1114 3342 simul
1130 3303 1232 3345 recor·
1244 3267 1361 3316 msam·

183 3368 338 3445 dantium,
359 3386 433 3447 quaa
457 3364 572 3448 primus
592 3364 737 3428 adventus
762 3362 944 3430 Hannibalis
967 3365 1119 3432 intulisset
1138 3367 1232 3433 Italiae
1243 3347 1306 3389 mm.

184 3455 290 3534 clade3
305 3452 406 3530 simul,
417 3471 511 3533 quum
521 3451 574 3515 illa
584 3464 710 3534 angeret
721 3471 805 3530 crura,
820 3451 915 3534 ‘quos
926 3463 992 3514 tam
1004 3453 1151 3538 propitios
1163 3455 1230 3519 urbi

182 3543 195 3577 ‘
209 3553 300 3624 atque
310 3537 438 3623 irnperio
448 3537 513 3600 lore
522 3535 661 3615 Deoa‚ut
672 3535 781 3620 eodem
789 3549 927 3622 tempore
936 3539 1231 3624 utrobiquerespub·

180 3627 269 3690 ‘lica
289 3645 433 3708 prospere
452 3623 629 3706 gersteturl
655 3621 754 3688 adhuc
773 3623 903 3692 adversa
921 3625 1061 3688 secundis
1097 3627 1232 3694 ensando

182 3715 269 3782 ‘tem
284 3712 325 3776 ad
335 3710 369 3773 id
378 3722 499 3792 tempus
509 3719 679 3774 extractam
690 3730 767 3773 esse.
781 3731 874 3792 quum
883 3709 916 3772 in
928 3709 1017 3774 ltalia
1026 3712 1066 3778 ad
1075 3648 1231 3781 Hrasime-

184 3800 284 3863 ‘num
298 3809 331 3861 et
346 3795 468 3860 Cannas
482 3796 699 3880 praecipitasset
711 3793 854 3862 Romana
868 3818 926 3875 res,
945 3817 1091 3880 prospera
1105 3799 1185 3864 bella
1200 3800 1230 3865 in

178 3884 197 3920 ⁴
209 3883 362 3967 Hispania
369 3881 543 3968 prolapsam
553 3903 621 3944 eam
632 3881 774 3945 erexnse.
785 3893 904 3966 postea,
917 3904 1008 3965 quam
1017 3885 1028 3922 ³
1037 3885 1069 3945 in
1080 3883 1233 3969 Hispania

533 3991 618 4053 ‘prun
631 3987 708 4038 Gran.
720 3990 790 4040 cas.
806 3987 880 4040 Data.

215 4077 352 4134 monson
371 4078 520 4146 ipsasrwa
541 4079 637 4127 eundem
658 4077 691 4126 il-
722 4093 778 4127 emn
797 4077 932 4142 Sempronio
949 4080 1050 4130 consula·
1083 4081 1231 4130 utrumne.

182 4147 229 4196 ln
247 4143 534 4208 anm...aam]
569 4141 691 4206 Νῖιηιιιω
723 4143 794 4192 nnis
815 4142 926 4192 fefellerit
946 4146 992 4193 bae
1013 4145 1063 4194 laco
1082 4146 1181 4204 ibium,
1200 4161 1231 4195 au

179 4209 268 4274 Ιςίητ
294 4208 394 4258 Annrhl
416 4219 518 4258 natm
541 4207 690 4262 Placent‘nn.
721 4208 913 4272 oppugumcuam
942 4210 1046 4273 sapora
1078 4211 1230 4260 aarum

181 4275 329 4324 Mensem
345 4285 436 4324 nacon
452 4273 692 4323 banasaman·
720 4274 794 4323 fuine
817 4273 941 4323 Anaua
961 4275 1125 4341 lnraprsams
1146 4277 1185 4337 sit,
1203 4277 1231 4326 ia

108 4342 112 4351 '
178 4349 240 4388 rane
272 4337 405 4404 Euporum
431 4351 501 4404 prope
529 4337 684 4400 manaim
721 4339 799 4390 medio
810 4339 970 4406 relinquimus

178 4419 243 4465 W,
262 4419 284 4455 0·
302 4402 342 4453 ὅθι
361 4418 473 4470 pm
494 4402 523 4451 d
543 4402 686 4455 mmm
