3092 5200
464 366 544 426 Llll.
556 363 642 426 xxl.
660 366 745 426 CAP.
758 365 862 427 XXII.
1151 376 1190 433 29

137 526 150 560 ‘
166 525 268 605 suntl,
287 522 377 586 visuri
399 522 476 601 aitis,
499 521 524 584 si
545 523 612 604 quis
626 533 758 584 vestrum
774 541 848 582 suos
860 520 989 585 invisere
1003 523 1080 602 vult,
1103 542 1238 593 corn-,tt
1250 543 1281 592 c.
1291 543 1350 592 5³⁴.

137 613 299 676 ‘meatuum
316 611 366 673 do.
409 608 512 672 Primo
525 629 607 688 vere,
630 608 728 687 edico,
749 607 854 669 adsitis
864 629 875 684 3
901 619 946 686 ut,
960 607 1030 670 Diis
1049 611 1128 673 bene
1136 609 1189 692 ju·
1201 607 1342 660 *2²¹⁰-

138 699 315 775 ‘vantiburq
332 695 446 758 bellum
463 695 595 777 ingentis
608 695 713 777 gloriae
728 694 894 777 praedaque
909 694 1043 759 futurum
1058 695 1189 778 incipia-
1314 691 1318 698 ’

25 787 31 810 ’
138 783 253 849 ‘mus'
298 777 448 846 Omnibus
470 781 533 844 lere
555 781 672 844 visendi
696 781 805 842 domos
829 780 935 843 oblata
955 783 1036 845 ultro
1051 794 1188 866 potestas

138 884 229 955 grata
244 877 321 949 erat,¹
336 868 443 951 etjam
458 867 699 931 desiderantibus
721 889 802 944 suos,
824 880 857 930 et
872 868 991 950 longius
1006 869 1038 930 in
1054 870 1190 931 futurum

138 957 369 1042 providentibus
392 955 584 1018 desiderium.
629 952 686 1016 Per
708 965 811 1016 totum
833 965 956 1036 tempus
977 954 1088 1017 hiemis
1103 957 1190 1037 quies

140 1045 221 1107 inter
237 1044 367 1121 labores,
382 1054 434 1104 aut
444 1039 511 1124 jam
521 1040 697 1120 exhaustos,
708 1052 761 1103 aut
773 1061 846 1102 mox
856 1039 1089 1120 exhauriendos,
1100 1063 1191 1104 reno·

139 1133 224 1193 ravit
238 1151 368 1213 corpora
380 1129 558 1210 animosque
575 1125 616 1188 ad
631 1126 735 1189 omnia
747 1127 786 1188 de
795 1127 918 1209 integro
928 1129 1086 1210 patienda.
1110 1125 1194 1191 Vere

139 1217 241 1302 primo
257 1216 297 1278 ad
319 1215 454 1279 edictum
469 1235 649 1278 convenere.
695 1213 862 1292 Hannibal,
885 1235 978 1295 quum
995 1216 1193 1278 recensuisset
1205 1225 1339 1290 adp-rum

138 1305 280 1367 omnium
295 1303 408 1366 auxilia
429 1301 580 1384 gentium,
603 1298 704 1362 Gades
726 1301 880 1382 profectus
896 1299 1022 1364 Herculi
1043 1314 1117 1364 vota
1135 1324 1190 1366 ex·
1208 1290 1343 1406 lffiffi

140 1387 251 1452 solvit:
268 1389 410 1470 novisque
426 1410 458 1450 se
467 1388 583 1469 obligat
598 1387 688 1466 votis,
699 1387 723 1447 si
741 1399 844 1450 cetera
858 1407 1004 1471 prospera
1013 1372 1219 1454 evenissent.¹
1291 1372 1341 1405 um.

141 1474 218 1539 Inde
234 1476 366 1560 partiens
388 1496 474 1538 curas
496 1475 522 1512 ⁸⁸
531 1473 622 1536 simul
644 1473 674 1534 in
699 1472 890 1535 inferendum
914 1487 1005 1557 atque
1028 1476 1194 1540 arcendum

140 1563 269 1642 bellum,
283 1585 333 1639 ne,
354 1563 426 1624 dum
442 1561 507 1642 ipsc
531 1559 666 1623 terrestri
682 1581 736 1643 per
751 1557 935 1644 Hispaniam
950 1559 1126 1644 Galliasque
1141 1563 1192 1626 iti·
1208 1559 1211 1564 ’

140 1647 221 1712 nere'
241 1649 363 1711 ltaliam
389 1658 518 1729 peteret,
550 1647 633 1708 nuda
657 1657 824 1728 apertaque
851 1645 1000 1710 Romanis
1024 1648 1130 1711 Africa
1153 1649 1193 1711 ab

142 1733 253 1798 Sicilia
273 1745 364 1812 esset,
386 1731 486 1794 valido
508 1732 647 1814 prasidio
670 1731 790 1793 firmare
811 1744 902 1795 eam.e
917 1735 1036 1797 statuit.
1079 1734 1138 1798 Pro
1156 1757 1194 1798 eo

142 1821 389 1906 supplementum
407 1817 471 1902 ipse
493 1839 532 1880 ex
546 1816 662 1895 Africa,
685 1818 818 1879 maxime
840 1817 1056 1899 jaculatorum,
1082 1820 1197 1883 levium

142 1907 248 1986 muris,
262 1906 375 1987 petiit;
399 1915 434 1965 ut
447 1903 514 1966 Afri
537 1903 569 1964 in
585 1901 746 1986 Hispania,
770 1903 800 1964 in
816 1903 922 1966 Africa
937 1903 1069 1987 Hispani
1079 1904 1107 1984 d,
1129 1928 1197 1968 rne-

143 1993 202 2056 lior
229 1991 334 2074 procul
360 1991 398 2052 ab
429 1988 522 2050 domo
549 1989 666 2050 futurus
692 1999 818 2068 uterque
842 1989 941 2067 miles,
970 1991 1052 2052 velut
1082 1993 1196 2054 mutuis

144 2078 322 2163 pignoribus
357 2075 495 2157 obligati,
534 2073 686 2156 stipendia
716 2073 862 2136 lacerent.
906 2074 1068 2138 Tredecim
1098 2077 1197 2139 millia

144 2167 340 2248 octingentos
363 2161 584 2244 quinquaginta
608 2159 726 2243 pedites
752 2161 778 2200 ⁸⁹
790 2170 931 2221 caetratos
957 2160 1041 2222 misit
1065 2161 1097 2221 in
1111 2162 1197 2224 Airi-

146 2274 226 2331 cam,
250 2262 282 2314 et
296 2249 463 2312 funditores
478 2245 635 2310 Baliares‘
650 2244 845 2324 octingentos
861 2247 1079 2328 septuaginta:
1109 2249 1197 2330 equi-

144 2353 193 2403 tes
207 2339 321 2403 mixtoa
343 2357 382 2398 ex
403 2334 505 2396 multis
529 2333 671 2416 gentibus
689 2331 773 2393 mille
794 2331 954 2394 ducentos.
999 2329 1065 2394 Has
1090 2336 1195 2419 copias

145 2427 260 2508 partim
276 2421 459 2503 Karthagini
482 2420 622 2502 praesidio
642 2439 719 2497 esse,
743 2418 855 2500 partim
880 2416 1018 2481 distribui
1043 2441 1098 2502 per
1111 2420 1196 2483 Afri-

147 2532 217 2574 cam
226 2508 326 2593 jubet.
350 2507 440 2570 simul
455 2505 713 2587 conquisitoribus
729 2504 761 2564 in
777 2504 918 2566 civitates
933 2505 1044 2584 missis,
1067 2520 1198 2588 quatuor

146 2598 244 2663 millia
270 2595 446 2678 conscripta
472 2592 596 2656 delecta
618 2589 798 2673 juventutis,
823 2590 995 2674 presidium
1018 2593 1143 2657 eosdem
1166 2608 1200 2659 et

146 2684 277 2761 obsides,
293 2683 363 2745 duci
379 2681 601 2763 Karthaginem
614 2678 715 2760 jubet.
1209 2684 1213 2689 '

190 2768 301 2833 XXII„
317 2766 426 2850 Neque
458 2764 642 2849 Hispaniam
672 2765 895 2849 neglegendam
926 2778 1022 2846 ratus,
1055 2767 1200 2852 (uaeque

148 2858 220 2922 ideo
244 2855 329 2919 haud
343 2856 454 2931 minus,
480 2852 562 2934 quod
585 2852 668 2917 baud
692 2852 815 2934 ignarus
837 2862 914 2930 erat,
940 2854 1134 2917 circumitam
1161 2858 1201 2919 ab

148 2944 298 3007 Romanis
321 2963 392 3005 eam
418 2941 527 3023 legatis
553 2939 594 3001 ad
622 2938 833 3002 sollicitandos
864 2940 1036 3023 principum
1064 2942 1197 3023 animoa)

148 3028 336 3093 Hasdrubali
366 3028 461 3105 fratri,
487 3026 552 3088 viro
581 3026 712 3107 inpigro,
740 3046 810 3089 earn
840 3025 1028 3107 provinciam
1055 3028 1201 3109 destinat,

148 3117 314 3196 firmatque
339 3134 408 3174 euin
423 3110 536 3173 Africis
560 3112 694 3173 maxime
718 3110 875 3193 presidiis,
900 3113 1038 3194 peditum
1052 3113 1200 3178 Afrorum

148 3200 296 3265 undecim
322 3198 455 3259 millibus
481 3196 666 3277 octingentis
692 3197 925 3277 quinquaginta,
951 3194 1112 3278 Liguribus
1139 3211 1202 3262 tre·

149 3288 261 3365 centis,
292 3282 497 3345 ⁹1Baliaribus
528 3280 711 3363 quingentis.
748 3279 789 3341 ad
817 3280 881 3342 haec
912 3280 1052 3363 peditum
1090 3285 1205 3348 auxilia

149 3374 250 3438 additi
275 3369 392 3453 equites
418 3368 507 3430 ”Lib
549 3362 685 3429 hoenices
709 3364 853 3447 (mixtum
876 3366 1023 3430 Punicum
1045 3369 1127 3433 Atria
1147 3392 1202 3457 ge-

147 3460 220 3539 nus)
253 3456 411 3533 trecenti‘,
447 3467 479 3517 et
542 3452 652 3515 nmidae
683 3450 845 3534 Maurique
875 3452 990 3516 adcola
1016 3454 1132 3519 Oceani
1163 3459 1204 3522 ad

150 3546 234 3609 mille
258 3544 465 3624 octingentos,
489 3550 522 3602 at
543 3560 637 3623 parva
660 3536 824 3621 Ilergetum
851 3559 959 3601 manus
985 3560 1023 3603 ex
1038 3540 1202 3628 Hispania,

152 3631 276 3697 ducenti
290 3630 426 3713 equites:
451 3638 493 3707 et,
509 3647 546 3688 ne
562 3625 659 3709 quid¹
674 3626 825 3688 terrestris
839 3625 959 3689 deesset
975 3628 1078 3691 auxilii
1093 3652 1202 3713 genus,

182 3754 416 3807 »deomena
547 3750 823 3812 ‘fimanetmssoed
958 3750 1202 3821 ‘iadfidsrrpleffi

152 3820 370 3887 li'miassasd.
499 3814 698 3865 emmam.
806 3813 1201 3885 ‘quadringmiaqurmm5

152 3889 256 3939 Naarida
266 3888 336 3937 Cres.
346 3884 409 3949 nup.
507 3882 586 3947 aaut
598 3880 672 3930 Grou.
683 3881 753 3931 Cret.

181 3996 205 4032 ⁸0
221 3994 294 4043 Sinul
309 3995 335 4041 ia
349 3990 488 4057 ἱψνανὶιπ
502 3998 569 4053 atque
583 4005 660 4038 arua·
723 3990 744 4027 ⁹¹
761 3987 1037 4054 Babdlueqaingrntir]
1053 3990 1143 4041 Deerat
1156 4008 1202 4041 nu.

150 4054 661 4124 dn18icbabentscripti,etGronovi=ai,
691 4071 768 4104 merus
790 4055 849 4118 apud
870 4065 983 4103 nauum.
1028 4055 1119 4104 Ad'eeit
1146 4073 1202 4108 cum

151 4127 268 4182 otmari,
285 4122 405 4186 estquod
420 4119 529 4183 partienh
539 4121 563 4168 ia
573 4136 587 4167 ι
598 4119 660 4167 Gro-
691 4120 797 4182 &onim
807 4136 837 4167 ex
847 4118 951 4184 Polybio,
970 4132 984 4167 c
1001 4134 1047 4182 qno
1124 4124 1202 4172 mia

151 4194 220 4245 norb
229 4194 317 4258 adjecta
327 4201 372 4239 eat.
405 4186 540 4235 Olinrinul
549 4182 659 4251 iusum
671 4224 673 4231 .
690 4186 810 4249 desumpta
816 4194 879 4233 nint.

150 4257 324 4324 merendi.
721 4252 745 4290 Μ
761 4250 949 4314 mmmm..
960 4248 1109 4314 ..0000[.]
1133 4250 1200 4301 Olina

182 4328 205 4364 ὓ
222 4320 334 4387 mma]
354 4320 394 4371 Da
409 4317 527 4370 suntid.
541 4325 591 4365 not.
602 4313 659 4365 ull.
691 4316 760 4366 000.
779 4324 810 4365 et.
843 4313 998 4363 tuendarum
1015 4328 1051 4364 ert
1068 4317 1148 4365 itidem
1168 4333 1200 4366 cx

154 4394 250 4441 urin.
261 4392 318 4439 ab
691 4381 796 4448 Polybio.
826 4378 944 4428 NJmimm
960 4380 990 4429 ri
1009 4382 1034 4432 el
1049 4379 1073 4428 in
1091 4383 1137 4431 liae
1151 4396 1199 4431 aa·

184 4454 209 4493 Ν
224 4456 295 4519 Atque
308 4455 356 4503 ideo
370 4451 431 4501 tan
447 4446 532 4511 naua]
552 4446 664 4507 nerana,
690 4448 749 4499 aseri
759 4446 880 4499 omrem
890 4446 915 4496 ia
925 4454 955 4506 et,
963 4445 1117 4498 actum.

150 4512 658 4584 ueoemmmaameommpn.
765 4560 772 4566 ,
