3092 5200
489 282 709 351 mexvn.
726 283 810 349 ΟᾸΡ.
823 286 939 353 xx1x.
1172 294 1234 359 tur
1268 304 1271 313 ’

189 466 245 531 per
258 454 380 530 portam
392 466 401 509 r
424 456 458 509 et
469 463 562 527 ιιιιιιιιι
573 444 711 509 sexcenti
722 445 817 509 ferme
826 447 1000 526 intrassent,
1012 444 1137 531 remisso
1149 447 1231 530 fune,
1246 456 1278 509 u.
1292 456 1320 507 a
1330 458 1387 507 stt.

190 546 254 614 quo
267 552 413 618 suspensa
432 544 512 610 crat,-
533 543 691 595 murteta
712 552 826 615 magno
851 530 953 595 sonitu
977 534 1100 597 cecidit.
1143 532 1232 598 Sala·
1244 522 1385 575 mm·

188 620 300 701 pitani,
325 620 377 683 alii
398 617 541 704 perfugas
561 618 760 701 neglegenter
781 638 821 681 cx
840 618 949 681 itinere
965 638 1109 703 suspensa
1123 620 1230 683 hume·

188 705 241 783 ris,
261 707 399 768 ut-inter
419 715 558 788 pacatos,
581 714 720 787 gerentes
743 722 839 783 mma,
865 704 1034 767 invadunt:
1057 706 1108 767 alii
1123 726 1141 768 e
1155 708 1230 769 turri

189 790 256 872 ejus
268 804 364 875 porte
377 792 528 874 murisque
542 791 636 869 saxia,
659 788 795 870 sudibus,
817 791 897 874 pilis,
917 790 1087 855 absterrent
1101 791 1230 856 hostem.

186 875 240 940 lta
253 878 325 940 inde
341 876 495 947 Hannibal
509 889 629 939 suamet
648 877 714 960 ipse
731 877 841 939 fraude
863 888 971 961 captus
986 877 1063 943 abiit
1076 896 1084 941 t
1109 878 1229 960 prolec-

187 974 299 1044 tusque
319 964 361 1025 ad
382 961 547 1025 Locromm
571 964 749 1026 soluendam
769 963 969 1043 obsidionem,
992 982 1083 1046 quam
1106 961 1230 1027 Cincius
1242 982 1366 1032 mrum

187 1068 309 1111 mmma
324 1050 366 1127 vi,
379 1049 519 1132 operibus
533 1060 816 1130 tormentorumque
836 1052 920 1112 omni
938 1068 1050 1133 genere
1066 1070 1106 1115 cx
1125 1048 1382 1127 Sicilis⁰¹³1lflionem

188 1136 328 1215 advecto,
346 1136 554 1219 obpugnabat
596 1134 737 1222 Magoni,
754 1134 821 1218 jam
843 1136 925 1199 hand
946 1136 1042 1199 fenne
1060 1133 1167 1200 fidenti
1182 1160 1231 1201 re·
1242 1114 1319 1163 '⁰¹⁹⁸'

185 1232 345 1284 tenmmm
360 1221 612 1305 defensurumque
627 1242 660 1283 se
676 1222 793 1301 urbem,
816 1223 915 1305 prima
933 1242 1014 1305 spes,
1038 1234 1137 1285 morte
1152 1241 1231 1286 nun·

188 1308 272 1369 cista
285 1306 439 1387 Marcelli,
454 1307 588 1371 admisit.
630 1306 760 1371 Secutus
773 1308 846 1371 inde
860 1308 999 1387 nuncius,
1014 1304 1233 1389 Hennlbalem‚

190 1392 394 1456 Numidarum
415 1396 555 1476 equitatu
579 1394 743 1477 premisso,
764 1396 875 1479 ipsum,
896 1406 1043 1477 quantum
1058 1393 1232 1459 adcelerare

185 1490 308 1562 posset,
332 1498 403 1542 cum
426 1478 564 1562 peditum
589 1482 711 1563 agmine
733 1482 830 1563 sequi.
889 1478 998 1565 Itaque
1023 1482 1074 1544 ubi
1101 1482 1233 1564 primum

190 1564 342 1629 Numidas
356 1566 441 1629 edito
456 1586 475 1628 e
490 1566 621 1649 speculis
634 1566 724 1650 signo
734 1568 898 1631 adventare
912 1567 1017 1646 sensit,
1032 1580 1065 1631 et
1079 1568 1154 1650 ipse,
1176 1585 1233 1649 pa-

185 1652 307 1715 tefacta
328 1662 453 1735 repente
474 1664 574 1736 porta,
593 1654 679 1717 lbrox
704 1654 736 1717 in
757 1654 860 1717 hostes
885 1654 1026 1737 erumpit.
1067 1650 1110 1715 Et
1123 1654 1233 1737 primo,

190 1738 289 1820 magis
304 1737 376 1821 quia
390 1739 542 1822 inproviso
565 1739 598 1801 id
623 1739 748 1819 fecerat,
769 1761 862 1823 quam
889 1740 971 1822 quod
986 1760 1041 1822 par
1055 1739 1168 1802 viribus
1183 1760 1233 1801 es-

190 1828 250 1902 set,
265 1839 377 1907 anceps
390 1836 546 1888 certamen
568 1836 644 1888 erat.
668 1825 790 1904 deinde,
811 1836 846 1889 ut
870 1840 1066 1909 superuenere
1081 1819 1234 1903 Numidae,

185 1918 293 1972 tantus
313 1930 408 1993 pavor
429 1911 577 1975 Romanis
601 1924 650 1976 est
672 1910 812 1993 injectus,
836 1923 872 1974 ut
896 1909 1009 1995 passim
1032 1911 1070 1972 ad
1094 1926 1177 1972 mare
1196 1930 1233 1972 ac

75 2070 77 2073 Ι
189 2016 280 2058 naves
302 1997 464 2079 fugerent3
488 1998 601 2059 relictis
620 2000 764 2081 operibus
788 1994 1009 2081 machinisque,
1036 1997 1143 2078 quibus
1165 2013 1233 2059 mtt-

189 2103 239 2145 ros
265 2084 452 2163 quatiebant.
506 2083 554 2146 lta
577 2084 709 2148 adventu
732 2083 917 2148 Hannibalis
940 2077 1042 2146 soluta
1065 2080 1232 2145 Locrorum

187 2168 307 2238 obsidio
320 2180 379 2233 est.
870 2208 875 2219 -
1280 2188 1284 2199 ⁴

230 2252 350 2317 xxlx.
372 2252 540 2339 Crispinus,
563 2264 725 2338 postquam
747 2256 779 2317 in
801 2254 938 2319 Bruttios
957 2256 1127 2340 profectum
1142 2254 1231 2318 Hart-
1244 2268 1393 2334 eraptnustt

187 2340 322 2403 nibalem
346 2341 450 2418 sensit,
476 2340 656 2417 exercitum,
683 2340 732 2400 cui
755 2340 875 2421 collega
895 2340 1065 2422 prefuerat,
1086 2339 1133 2403 M.
1145 2338 1231 2403 Mar·
1245 2336 1357 2399 ffirm-

181 2426 298 2489 cellum
324 2424 478 2488 tribunum
504 2425 636 2488 militurn
661 2421 827 2487 Venusiam
854 2424 1012 2511 abducere
1024 2425 1124 2508 jussit
1155 2428 1230 2509 ipse,

187 2530 260 2574 curn
277 2510 446 2595 legionibus
465 2512 527 2574 suis
553 2513 580 2558 ⁸⁷
590 2508 727 2593 Capuam
744 2510 911 2594 proiectus,
935 2510 987 2573 vix
1001 2510 1115 2575 lectica
1131 2514 1230 2594 agita-

186 2601 303 2662 tionem
325 2619 387 2681 pre
408 2599 557 2680 granime
575 2598 733 2660 vulnerum
758 2599 890 2681 patiens,
915 2594 1047 2660 Romam
1073 2596 1176 2661 literae
1191 2600 1229 2662 de
1319 2667 1324 2676 ,

188 2697 288 2749 morte
299 2686 424 2766 collegae
435 2685 566 2768 scripsit,
573 2695 747 2766 quantoque
756 2685 820 2766 ipse
830 2685 862 2746 in
875 2683 1048 2747 discrimine
1058 2696 1148 2748 esset.
1171 2684 1229 2748 ‘Se

185 2773 198 2806 ‘
212 2771 404 2834 comitiorum
420 2791 527 2833 caussa
541 2791 605 2834 non
618 2789 708 2852 posse
723 2767 855 2832 Romam
870 2771 993 2833 venire-t
1017 2771 1088 2852 quia
1101 2789 1159 2833 nec
1173 2772 1229 2834 uiae

184 2858 198 2900 ³
212 2857 347 2920 laborem
355 2877 498 2939 passurus
507 2856 668 2935 rideremr,
683 2867 715 2918 et
724 2856 763 2919 de
772 2855 908 2920 Tarento
922 2855 1070 2919 sollicitus
1081 2869 1172 2936 esset,
1188 2851 1228 2919 ne

182 2942 252 3004 ‘ex
273 2942 401 3005 Bruttiis
416 2939 570 3003 Hannibal
590 2961 629 3002 eo
650 2952 839 3003 converteret
855 2961 976 3023 agnen.
1002 2939 1134 3022 legatos
1150 2963 1227 3026 opus

181 3028 198 3073 ·‘
213 3048 280 3090 esse
291 3028 331 3089 ad
341 3047 373 3089 se
384 3028 478 3106 mitti,
485 3027 564 3089 uiros
573 3027 738 3110 prudentes
751 3047 760 3088 r
784 3045 853 3088 cum
865 3027 984 3108 quibus,
995 3027 1172 3108 quesnellet,
1188 3025 1227 3088 de

181 3116 198 3148 ‘
212 3112 369 3197 republica
378 3110 571 3196 loqueretur!
615 3109 672 3174 He
685 3113 779 3174 litere
794 3112 928 3176 recitata
942 3126 1087 3194 magunum
1107 3123 1140 3174 et
1162 3112 1226 3175 luc·

183 3213 253 3263 tum
276 3209 373 3262 morte
395 3199 519 3261 alterius
538 3197 681 3277 consulis,
707 3209 741 3260 et
761 3207 876 3260 metum
900 3197 939 3260 de
961 3198 1057 3260 altero
1078 3195 1226 3262 lecerunt.

185 3285 293 3367 ltaque
309 3297 341 3348 et
356 3285 394 3356 Q.
409 3284 537 3348 Fabium
548 3284 642 3347 filium
654 3285 694 3347 ad
706 3286 875 3347 exercitum
886 3283 1050 3346 Venusiam
1060 3284 1224 3348 miserunt:

186 3386 219 3436 et
233 3373 271 3434 ad
287 3372 440 3434 consulem
456 3383 518 3434 tres
534 3371 626 3452 legati
642 3371 737 3451 missi,
753 3368 841 3432 Sext.
851 3368 950 3432 Julius
966 3369 1076 3447 Caesar,
1091 3367 1127 3431 L.
1142 3369 1225 3432 Lici-

178 3452 254 3522 'nius
269 3455 377 3533 Pollio,
391 3455 429 3520 L.
440 3455 563 3522 Cincius
573 3456 757 3536 Alimentus,
769 3477 862 3538 quum
873 3456 978 3539 paucis
988 3467 1059 3520 aute
1071 3454 1175 3519 dicbus
1186 3477 1227 3520 ex

179 3544 293 3607 Sicilia
306 3544 442 3607 redisset.
488 3541 531 3605 Hi
546 3543 689 3605 nunciare
704 3543 821 3620 consuli
831 3542 919 3624 jussi,
938 3554 983 3622 ut,
1003 3542 1027 3604 si
1044 3542 1084 3604 ad
1098 3543 1227 3604 comitia

178 3632 233 3780 li?
234 3627 790 3782 titiilllbtl¹tliit⁹it
792 3639 923 3778 {itti
920 3629 1095 3778 {1³2an
1110 3626 1225 3776 llll·

178 3777 235 3866 ‘tus
249 3818 340 3882 esset,
354 3801 393 3875 Q.
404 3783 565 3865 Claudum
589 3813 748 3904 pretorem
773 3802 894 3884 placere
917 3801 950 3863 in
974 3821 1041 3863 earn
1068 3734 1226 3883 regionem

184 3890 257 3952 inde
270 3891 419 3954 abducere
433 3890 579 3972 legiones,
594 3908 626 3950 ιιι
641 3909 702 3972 qua
715 3889 860 3972 plurimas
876 3887 1028 3950 sociorum
1043 3887 1133 3948 urbes
1149 3887 1226 3950 tueri

215 4019 240 4061 θ’
260 4021 276 4052 ⁸
293 4021 693 4088 copamprossrtus....lionasr
722 4034 791 4072 rente
813 4035 882 4086 quem
907 4031 986 4070 tamen
1009 4021 1119 4070 nuncium
1139 4033 1179 4069 eos
1200 4035 1228 4069 sn

177 4088 287 4137 'litterum
300 4121 307 4135 .
319 4123 326 4137 .
337 4088 434 4150 uripsitl
445 4087 550 4150 lntellige
560 4087 692 4152 Crispinum
723 4089 767 4137 ill'u
783 4087 866 4137 litteris
887 4088 987 4154 primum
1004 4087 1115 4152 accepisse
1131 4085 1230 4136 narratio

184 4153 308 4218 trlprirse,
328 4152 366 4200 rel
388 4169 419 4202 cx
444 4154 537 4215 itinere,
564 4153 692 4201 ueletiam
723 4152 887 4202 Liriiiudlcat.

119 4266 127 4280 1
178 4218 375 4282 proficiscentem:
400 4217 518 4282 ‚Alioquin
536 4228 561 4266 et
576 4218 692 4278 negligen-
754 4217 778 4253 Μ
794 4216 885 4282 lnogru
894 4213 1046 4330 llornauobln
1058 4229 1111 4278 agro
1119 4213 1157 4278 qui
1168 4224 1230 4262 esset

184 4284 226 4330 tire
248 4284 333 4330 merito
344 4295 487 4343 argumemr,
502 4293 527 4332 et
544 4281 626 4331 Patres
645 4281 693 4332 lio·
719 4283 835 4338 ,Rommss
855 4282 954 4334 ditionis.
1020 4282 1049 4334 id.
1068 4291 1119 4331 rtot.
1140 4281 1180 4330 21.
1201 4279 1231 4328 sd

186 4348 250 4396 mani
264 4348 304 4395 diu
319 4359 373 4396 anta
388 4348 417 4396 de
437 4348 543 4396 Marcelli
561 4359 635 4397 morte
651 4360 694 4396 tu·
724 4353 868 4418 consen.
898 4345 905 4356 '

186 4413 285 4475 cirins.
299 4427 367 4477 qnam
382 4411 484 4484 crepini
499 4413 589 4467 litteras
604 4415 693 4479 ποῖμ-
