3092 5200
417 370 638 443 tmxxvn.
653 376 738 444 CH.
757 374 903 445 XXXIV.
925 368 930 374 ⁶
1121 386 1182 447 ⁴1³

137 533 149 569 ‘
163 532 262 599 ditate
275 519 452 599 conserendi
472 556 543 599 cum
558 536 645 599 hoste
658 556 795 616 manum,
815 537 848 599 in
869 529 1085 619 necopinatam
1098 538 1181 602 irau-
1194 552 1227 604 υ.
1237 550 1266 605 c.
1277 554 1334 606 att.

139 620 152 655 ‘
165 621 236 685 dem
250 622 353 707 lapsos
366 642 443 687 esse.
466 635 603 686 ceterum
616 622 701 689 Deos
719 622 910 701 inmortales,
935 617 1117 687 miseritosd
1123 645 1181 689 no·
1193 621 1225 671 Α·
1235 616 1264 671 ⁰·
1275 620 1333 672 Μ·

141 707 258 770 ‘minis
272 708 415 789 Romani,
428 710 600 793 pepercisse
615 710 747 771 innortiis
758 710 963 773 exercitibus:
978 711 1183 776 temeritatem

139 792 323 858 ‘consulum
338 797 471 879 ipsomm
486 796 636 879 capitibus
651 793 833 858 damnasse!

170 879 334 958 XXXIV.
353 883 455 953 Quum
475 882 743 964 circumspicerent
760 878 877 961 Patres,
903 900 1049 966 quosnam
1071 903 1183 947 consu·

141 966 187 1030 les
200 967 346 1047 facerem,
360 969 451 1050 longe
464 979 537 1049 ante
552 968 628 1031 alios
646 968 802 1030 eminebat
816 967 853 1030 C.
862 967 1007 1031 Claudius
1015 966 1110 1033 Nero.
1146 968 1184 1033 ut
1197 972 1317 1027 eleuata

142 1054 262 1137 collega
282 1055 480 1135 querebatur,
496 1066 531 1117 et
551 1055 649 1116 virum
668 1054 792 1137 quidem
816 1074 887 1117 eum
911 1038 1270 1137 egregiumque-Nm

141 1140 227 1219 bant,
241 1140 296 1203 sed
309 1141 505 1223 promtiorem
521 1141 739 1223 acrioremque,
758 1160 851 1223 quam
866 1150 1007 1225 tempora
1020 1142 1093 1205 balli
1111 1163 1186 1227 pos-

140 1226 285 1305 tularent,
310 1239 364 1291 aut
378 1228 477 1291 hostis
496 1225 671 1289 Hannibale
695 1227 929 1310 temperandum
954 1246 1023 1292 acre
1047 1228 1112 1311 ejus
1136 1231 1185 1292 in-

141 1312 263 1394 genium
279 1314 438 1376 moderato
461 1324 495 1375 et
517 1312 660 1397 prudenti
682 1313 746 1375 viro
770 1312 916 1396 adjuncto
939 1314 1057 1398 collega
1078 1336 1185 1379 cenac-

142 1399 228 1463 bant.
280 1398 328 1463 M.
337 1398 438 1463 livius
466 1411 543 1478 erat,
571 1398 711 1461 ”multia
739 1410 811 1461 ante
841 1400 928 1462 annis
957 1422 996 1464 ex
1025 1404 1329 1471 oenmnrnmmra

141 1483 917 1654 ttttltl‘tltssttffiztttltttmllt
928 1488 1183 1639 idiiaffilu'

141 1658 175 1719 ni
189 1670 272 1722 coetu
285 1668 402 1721 careret
422 1659 590 1721 hominum.
610 1670 721 1721 cctam
743 1658 839 1720 iet-mc
860 1672 932 1741 post
955 1660 1184 1728 damnationem

143 1762 227 1806 anno
251 1742 299 1807 M.
314 1742 459 1807 Claudius
473 1742 638 1807 Marcellus
664 1756 697 1806 et
721 1742 769 1808 M.
785 1742 1079 1809 Valerius'laevinus
1107 1770 1185 1813 con·

144 1830 224 1893 eules
249 1829 434 1894 udonem
455 1850 525 1894 eum
549 1831 583 1911 in
604 1831 734 1893 urbem:
758 1830 814 1894 sed
840 1843 906 1895 erat
931 1846 1013 1895 veste
1036 1835 1185 1916 obsoleta,

143 1916 315 2000 capilloque
336 1929 370 1980 et
391 1916 485 1979 barba
510 1917 671 2000 promissa,
692 1916 853 2000 preferens
875 1918 908 1981 in
921 1918 1005 1983 vultu
1021 1920 1188 2005 habituque

143 2002 295 2085 insignem
331 2003 510 2067 memoriam
539 2004 713 2085 ignominie
739 2014 883 2087 accepte.
937 2002 971 2069 b.
982 2004 1126 2069 Veturius
1155 2019 1188 2070 et

72 2159 74 2162 ,
144 2086 179 2151 P.
189 2086 324 2152 Licinius
348 2100 488 2152 censores
512 2110 583 2151 eum
609 2090 741 2169 tonderi,
768 2102 803 2151 et
827 2091 999 2172 squalorem
1025 2092 1189 2179 deponere,

144 2186 178 2237 et
206 2177 237 2238 in
265 2186 404 2239 sensnum
431 2176 546 2255 venire,
580 2175 723 2259 iungique
756 2176 825 2238 aliis
854 2178 985 2261 publicis
1014 2180 1188 2243 muneribus

145 2271 321 2345 coegenmt.
350 2262 406 2325 sed
432 2272 500 2323 tum
528 2281 647 2345 quoque
674 2275 727 2325 aut
750 2262 843 2324 verbo
870 2263 1107 2343 adsentiebatur,
1134 2276 1189 2327 aut

144 2349 309 2431 ”pedibus
332 2350 364 2411 in
385 2349 568 2411 oententiam
591 2349 667 2427 ibat,
691 2347 791 2409 donec
815 2349 940 2430 cognati
964 2350 1096 2412 hominis
1117 2370 1188 2413 eam

145 2452 253 2498 omissa
274 2433 323 2499 M.
338 2433 416 2497 Livii
431 2432 560 2513 Macati,
583 2454 678 2517 quum
701 2432 872 2517 fametejus
888 2446 1037 2517 ageretur,
1063 2440 1088 2477 ⁹¹
1102 2448 1188 2499 stan·

92 2525 95 2534 '
143 2530 208 2585 tem
222 2522 326 2607 coegit
339 2522 371 2583 in
395 2532 502 2585 senatu
517 2520 702 2583 senentiam
723 2521 835 2582 dicere.
877 2520 958 2583 Tum
981 2540 1021 2583 ex
1035 2532 1124 2585 tanto
1139 2522 1188 2585 in·

144 2610 271 2672 maalle
292 2609 412 2672 audinus
435 2609 585 2672 convenit
609 2629 664 2670 ora
687 2607 846 2670 bominum
870 2608 901 2670 in
921 2629 965 2688 se,
989 2623 1189 2694 caussamque

144 2697 334 2759 sermonibus
346 2696 485 2780 prebuit,
499 2695 647 2778 ‘indigno
655 2693 797 2775 injuriam
810 2715 829 2756 a
840 2694 954 2778 populo
964 2695 1091 2775 foetam,
1099 2715 1187 2779 mog·

143 2781 157 2817 ‘
169 2803 270 2867 noque
280 2783 313 2845 id
327 2783 440 2845 damno
454 2782 557 2861 finisse,
576 2781 658 2863 quod
673 2792 737 2846 tam
748 2781 833 2862 gravi
849 2781 930 2843 bello
943 2801 1000 2844 nec
1011 2801 1115 2866 opero,
1126 2797 1189 2844 nec

144 2866 299 2932 ‘cornilio
306 2866 684 2951 talisviriusarespubliea
691 2879 781 2929 esset.
803 2865 839 2927 C.
848 2865 964 2929 Neroni
974 2887 1073 2952 neque
1082 2865 1121 2938 Q.
1128 2866 1189 2930 ua-

143 2953 157 2989 ‘
170 2955 267 3034 bium,
277 2975 375 3036 neque
386 2952 434 3015 M.
441 2950 597 3015 Valerium
609 2950 763 3014 laevimm
779 2953 844 3014 dari
859 2953 991 3034 collegas
1004 2975 1106 3036 posse,
1116 2955 1189 3036 quia
1239 2955 1246 2972 '

146 3039 160 3074 ‘
172 3041 248 3104 duos
255 3041 401 3126 patricios
409 3038 506 3101 creari
514 3058 577 3101 non
585 3037 701 3101 liceret.
710 3039 850 3100 eamdem
859 3057 998 3100 caussam
1008 3039 1041 3100 in
1048 3038 1088 3101 T.
1094 3037 1188 3102 Man-

145 3127 215 3190 ‘lio
234 3147 312 3206 esse,
335 3137 535 3210 preterquam
549 3124 633 3206 quod
649 3135 817 3186 recusasset
834 3123 969 3187 delatum
984 3125 1188 3204 consulatum,

145 3213 420 3294 ‘recusaturusque
429 3221 520 3274 esset.
549 3209 713 3292 Egregium
722 3230 778 3292 par
786 3209 944 3272 consulum
954 3209 1030 3289 fore,
1044 3211 1070 3272 si
1080 3209 1127 3273 M.
1135 3209 1189 3274 Li·

145 3299 157 3334 ‘
170 3300 253 3362 vium
268 3297 306 3362 C.
315 3297 444 3362 Claudio
455 3296 605 3379 collegam
616 3293 845 3377 adjunxissent!
877 3294 945 3357 Nec
956 3296 1087 3380 populus
1100 3315 1188 3360 men-

146 3385 262 3448 tionem
274 3383 342 3466 ejus
356 3385 400 3447 rei
413 3395 514 3448 ortam
529 3406 548 3446 a
563 3380 702 3445 Patribus
716 3393 765 3444 cst
778 3383 986 3465 adspernatus.
1020 3379 1109 3444 Unus
1119 3403 1188 3448 cam

145 3492 210 3534 rem
225 3472 257 3533 in
271 3472 395 3534 civitate
404 3471 442 3550 is,
456 3471 506 3533 cui
521 3469 714 3533 deferebatur
728 3467 837 3546 bonos,
853 3469 1016 3547 abnuebat,
1031 3467 1187 3532 levitatem

145 3558 444 3622 eivitatisaccusans.
480 3553 656 3618 ‘Sordidati
665 3555 709 3616 rei
718 3575 782 3616 non
793 3553 954 3635 miseritos,
963 3554 1128 3618 candidam
1138 3568 1187 3618 to-

145 3645 242 3727 ‘gam
253 3645 348 3708 inrito
361 3644 500 3707 obferre:
516 3642 624 3705 eodem
641 3641 771 3705 honores
789 3662 956 3724 poenasque
970 3641 1107 3725 congeri.
1153 3639 1187 3704 Si

145 3731 156 3766 ‘
170 3733 284 3793 bonum
295 3731 392 3793 virum
406 3731 561 3807 ducerent,
575 3728 650 3811 quid
663 3729 709 3791 ita
718 3749 776 3811 pro
789 3728 872 3792 malo
887 3749 923 3790 ac
935 3730 1029 3792 noxio
1044 3729 1188 3790 damnar-

145 3817 157 3850 ‘
172 3817 262 3880 senti
278 3817 304 3880 si
318 3817 445 3880 noxium
459 3816 687 3899 comperissent,
702 3815 776 3896 quid
792 3815 845 3893 ita,
861 3814 941 3876 male
954 3815 1073 3878 credito
1088 3815 1188 3898 priore

147 3903 159 3969 .‘
173 3903 342 3985 consulatu,
357 3903 486 3966 alterum
500 3900 694 3964 crederentl’
732 3898 807 3964 Haec
821 3901 954 3984 taliaque
966 3913 1146 3984 arguentem
1157 3911 1188 3964 et

554 4028 669 4075 mamre
678 4023 746 4078 cres.

147 4148 151 4166 ¹
178 4134 202 4173 ὓ
216 4133 298 4184 Neon
313 4143 365 4184 oste
380 4133 457 4198 ms]
475 4131 554 4182 Primo
579 4130 650 4196 hujus
679 4129 1184 4196 mirumquumpluribusvcrbisrcnteatiru

145 4199 277 4249 bellisono.
679 4199 1186 4260 aurmcrplicarentactucrenturrenatom,

145 4284 151 4291 ·
178 4265 203 4301 Ν
217 4266 314 4314 Pedibus
331 4265 358 4312 ts
376 4266 503 4313 mundns
521 4261 579 4328 ibat]
595 4261 650 4312 tra.
679 4263 895 4322 nrmcsdicebaar3
906 4277 980 4319 remu,
991 4261 1183 4310 rimentusarar

147 4341 197 4378 not.
209 4333 250 4380 ol.
260 4331 288 4378 sd
298 4329 364 4377 Ι.111.
376 4331 445 4380 cet.
679 4328 758 4386 verbo,
768 4329 790 4374 id
801 4328 868 4385 canai
876 4327 1061 4376 brevitcrctuoo
1069 4325 1181 4374 verbodo·

178 4395 199 4431 ⁹¹
217 4393 372 4442 aeman
385 4404 462 4443 mato
475 4395 603 4442 urtertiars
612 4395 649 4440 di-
678 4393 789 4441 clmrsut
804 4407 829 4443 se
844 4392 897 4442 huic
912 4405 952 4441 cut
963 4391 997 4443 illi
1012 4391 1134 4442 renuntias
1144 4389 1184 4438 ed·

144 4458 204 4520 cers]
224 4458 407 4522 Sicctcsrwc
418 4459 576 4509 Merena&
597 4455 650 4505 Nar
678 4458 777 4510 herere.

142 4532 176 4574 'eat
185 4523 292 4576 manns
300 4524 572 4578 mmidurmdiem.
584 4563 589 4572 .
602 4523 650 4574 ni·
