3092 5200
345 329 407 416 isi
756 319 844 412 im
865 349 967 412 mvn

176 519 324 580 uasta
342 513 353 546 ‘
368 510 483 595 scripti,
504 519 573 574 nae²¹
596 509 694 592 magis
714 507 886 593 reipublice
909 509 1047 588 interest,
1070 527 1161 591 quam
1188 529 1270 573 mea.
1312 506 1394 573 Mea

174 585 206 632 Α·
217 587 246 636 ⁰·
257 588 313 638 ²¹⁰·
342 599 353 632 ‘
367 601 479 682 quippe
493 599 569 661 fides
580 597 722 660 exsoluta
729 607 796 658 est:
819 594 861 656 ad
874 595 1093 679 rempublicam
1106 596 1253 679 pertinet,
1263 617 1304 659 ue
1317 609 1392 659 acta

342 687 354 720 ‘
368 707 436 748 mea
450 683 660 764 rescindendo,
676 683 752 746 alios
767 683 967 765 inposterum
981 682 1137 764 se‘gniorcs
1147 683 1241 763 duces
1254 682 1389 746 faciatis.

341 773 352 806 ‘
365 769 407 834 Et
415 772 559 856 quoniam
569 791 673 834 coram
683 782 716 832 et
727 767 900 830 Siculorum
912 779 944 830 et
952 789 1023 830 mea
1031 769 1125 830 verbu
1132 769 1272 847 nodutis,
1281 767 1388 832 Patres

340 859 352 892 ‘
365 859 541 940 conscripti,
552 857 642 919 simul
653 855 770 940 templo
785 855 978 933 excedemus,
989 865 1035 931 ut,
1048 876 1098 916 me
1112 855 1250 934 absente,
1263 855 1387 917 liberius

340 946 351 980 ‘
365 944 482 1007 consuli
502 955 625 1006 senatus
639 939 755 1026 possit?
801 939 849 1003 lta
864 940 995 1003 dimissis
1011 938 1132 1020 Siculis,
1151 941 1263 1024 etipse
1276 942 1310 1004 in
1323 939 1387 1002 Ca-

336 1031 478 1114 pitolium
491 1030 532 1091 ad
542 1029 693 1092 delectum
706 1027 855 1091 discessit.
1105 1076 1127 1102 .,

378 1114 514 1179 XXXII.
536 1114 650 1178 Consul
674 1114 752 1178 alter
775 1114 813 1176 de
832 1113 994 1196 postulatis
1022 1109 1192 1176 Siculorum
1218 1113 1257 1175 ad
1280 1111 1387 1178 Patres

336 1203 448 1267 retulit
478 1201 525 1263 Ibi
535 1203 563 1250 ⁷⁰
574 1221 666 1283 quum
678 1201 730 1262 diu
742 1201 781 1262 de
795 1201 954 1263 'sententiis
966 1211 1116 1262 certatum
1127 1211 1216 1279 esset,
1226 1211 1259 1262 et
1268 1221 1386 1282 magna

334 1284 1062 1438 lffilffiui'rliiiilnssjmriiiiitliab
1074 1284 1384 1452 fflidfl'lii’

334 1461 415 1524 ‘bus
435 1472 468 1523 et
504 1462 746 1545 'yracusanorum
763 1394 803 1522 gei
817 1460 921 1543 populi
936 1419 1088 1522 Romabi:
1112 1470 1145 1522 et
1157 1459 1261 1522 urbem
1274 1461 1382 1543 recipi,

335 1548 346 1580 ‘
361 1569 423 1610 non
438 1548 527 1631 capi:
553 1558 585 1609 et
600 1557 753 1629 receptam
764 1546 881 1628 legibus
896 1545 1027 1626 antiquis
1042 1557 1074 1608 ct
1088 1544 1230 1608 libertate
1243 1545 1380 1624 stabiliri,

335 1633 426 1694 ‘non
445 1633 556 1695 lessam
571 1632 744 1696 miseranda
768 1632 911 1695 servitute
924 1631 1006 1693 bello
1021 1631 1137 1713 adfligi.
1181 1630 1264 1694 Inter
1278 1644 1380 1715 tyrun-

336 1720 468 1783 ‘norum
493 1731 526 1781 et
549 1719 634 1782 ducis
661 1717 797 1796 Romani,
819 1717 996 1795 certamina,
1020 1718 1178 1800 praemium
1202 1718 1324 1780 victoris
1349 1718 1383 1780 in

335 1806 463 1868 ‘medio
489 1805 621 1888 positam
644 1806 749 1866 urbem
765 1803 998 1887 pulcherrimam
1014 1825 1050 1866 ac
1064 1805 1286 1867 nobilissimam
1300 1805 1383 1889 peri-

335 1892 347 1926 ‘
362 1893 431 1971 isse,
446 1893 586 1954 horreum
603 1901 694 1974 atque
709 1891 846 1953 ararium
861 1889 1017 1972 quondam
1031 1890 1142 1973 populi·
1152 1890 1285 1953 Romani
1294 1914 1310 1953 r.
1327 1913 1382 1954 cu·

335 1979 347 2012 ‘
357 1978 409 2060 jus
423 1977 632 2041 munificentia
646 1997 681 2038 ac
698 1977 787 2038 donis
803 1976 906 2038 miritis
918 1976 1159 2058 tempestatibus,
1173 1977 1233 2038 boc
1249 1977 1381 2059 denique

335 2066 346 2099 ‘
362 2065 429 2148 ipso
441 2064 555 2127 Punico
567 2064 660 2143 bello,
675 2062 779 2144 adjuta
795 2073 963 2143 ornataque
978 2062 1144 2145 respublica
1156 2074 1245 2124 esset.
1289 2061 1323 2123 Si
1337 2065 1380 2126 ab

335 2150 464 2213 ‘inferis
478 2151 605 2212 exsistat
616 2171 669 2212 rex
684 2147 792 2228 Hiero,
806 2147 969 2210 fidissimus
984 2147 1100 2230 imperii
1116 2147 1247 2210 Romani
1267 2149 1380 2229 cultor,

334 2236 421 2317 ‘quo
435 2257 487 2298 ore
498 2248 551 2297 aut
562 2233 737 2318 Syracusas,
753 2246 808 2296 aut
822 2234 952 2297 Romam
967 2233 995 2295 ei
1007 2233 1123 2297 ostendi
1137 2233 1249 2316 posse?
1273 2255 1380 2315 quum,

333 2321 344 2355 ‘
359 2323 410 2382 ubi
426 2323 601 2384 semirutam
617 2343 653 2383 ac
667 2321 829 2404 spoliatam
852 2320 983 2403 patriam
1002 2321 1192 2403 respexisset,
1207 2321 1381 2400 ingrediens

332 2405 488 2468 “Romam
515 2407 546 2468 in
570 2406 719 2468 vestibulo
739 2406 832 2484 urbis,
846 2411 873 2452 ⁷²
883 2427 978 2488 prope
1001 2407 1031 2467 in
1046 2417 1144 2488 porta,
1164 2406 1262 2489 spolia
1276 2410 1382 2489 patriae

332 2491 417 2554 ‘sua
436 2493 553 2553 visurus
573 2491 613 2552 sit
624 2489 652 2552 ?’
673 2489 748 2553 Hac
764 2491 896 2574 taliaque
917 2513 1012 2575 quum
1027 2492 1068 2554 ad
1081 2491 1226 2554 invidiam
1248 2494 1380 2556 consulis

166 2588 318 2641 Sanamem-
331 2579 617 2660 miserationemque
633 2574 804 2640 Sicrdorum
819 2578 1001 2658 dicerentur,
1013 2579 1117 2642 mitius
1125 2591 1225 2642 nmen
1238 2578 1379 2643 decreve-

164 2656 251 2767 ⁸s⁰¹²¹¹¹¹¹
262 2658 292 2706 ἃ·
333 2675 403 2727 nmt
413 2663 519 2727 Patres
531 2684 639 2726 caussa
650 2663 811 2726 Marcelli:
833 2664 930 2736 ‘Qua
941 2661 967 2727 is
978 2687 1085 2747 gerens
1093 2665 1210 2732 bellum
1220 2666 1377 2747 victorque

183 2735 318 2784 mm
332 2750 343 2784 ‘
357 2749 479 2832 egisset,
502 2762 570 2812 rata
591 2750 733 2812 habenda
755 2772 831 2813 esse.
850 2751 883 2812 iu
902 2751 1051 2833 reliquum
1071 2772 1149 2814 cura
1173 2751 1289 2813 senatui
1309 2753 1376 2816 fore

331 2837 343 2871 ‘
358 2856 422 2899 rem
434 2833 667 2921 Syracusanam,
677 2835 936 2919 mandaturosque
950 2836 1067 2899 consuli
1077 2835 1209 2915 laevino,
1220 2837 1300 2919 quod
1309 2838 1376 2901 siue

332 2922 477 3005 ‘jactura
495 2923 669 3007 reipublice
694 2922 758 2987 fieri
780 2934 895 3007 posset,
917 2923 1045 2987 fortunis
1066 2922 1134 3005 ejus
1154 2923 1283 3011 civitatis
1301 2946 1376 2989 cnu-

269 3060 277 3078 .
332 3011 344 3044 ‘
359 3008 489 3073 suleret’
533 3007 638 3072 Missis
653 3008 771 3072 duobus
786 3009 973 3073 senatoribus
993 3010 1026 3071 in
1040 3007 1229 3093 Capitolium
1247 3010 1288 3073 ad
1301 3032 1379 3074 con·

334 3095 506 3175 sulem,'uti
522 3094 635 3165 rediret
649 3096 681 3157 in
701 3090 830 3175 citriam,
852 3106 884 3159 et
901 3095 1081 3158 introductis
1101 3092 1221 3174 Siculis,
1241 3109 1379 3161 sensnu-

334 3182 508 3245 consultum
539 3182 700 3245 recitatum
722 3193 795 3244 ests
825 3182 989 3263 legatique,
1019 3182 1151 3263 benigne
1174 3182 1318 3265 adpelluti
1342 3206 1380 3248 ac

334 3265 462 3344 dimissi,
484 3266 525 3329 od
541 3288 644 3351 ¹genua
665 3289 697 3330 se
720 3266 860 3329 Marcelli
889 3263 1023 3330 consulis
1053 3266 1258 3350 projecerunt,
1290 3270 1381 3333 obss

168 3352 643 3469 ‘⁵
662 3352 908 3514 irritatis
920 3352 1399 3523 lassaretur

168 3485 282 3536 'mm'
334 3523 489 3606 ‘bemque
520 3522 683 3608 Syracusas
714 3521 887 3605 acciperet!
912 3534 984 3607 post
1002 3526 1067 3587 hacc
1089 3528 1194 3589 consul
1216 3526 1380 3590 clementer

413 3610 503 3673 llutos
517 3608 641 3671 dimisit.
1182 3626 1186 3634 '

169 3720 290 3788 emm
470 3692 526 3757 111.
557 3692 722 3776 Campanis
746 3694 858 3757 deiude
889 3707 1011 3760 senatus
1042 3698 1131 3761 datis
1162 3712 1220 3780 ast,
1252 3721 1380 3784 quorum

167 3788 236 3837 arsur
245 3804 311 3840 raas·
334 3783 433 3847 oratio
454 3780 665 3860 miserabilior,
684 3800 791 3845 caussa
806 3780 917 3870 vdurior
938 3794 1015 3849 erat.
1035 3804 1133 3867 neque
1154 3787 1237 3851 enim
1256 3790 1381 3851 meritus

168 3862 215 3905 m·
730 3922 990 3975 rualsenem.

367 4026 392 4065 το
408 4023 704 4093 darsumas]
725 4026 842 4092 arpenas
873 4028 975 4089 numa,
995 4016 1144 4078 um
1166 4028 1236 4088 mu
1256 4043 1326 4091 qam
1350 4031 1381 4078 ss

336 4090 765 4205 ”dimmiffissffldm'
874 4094 942 4143 verbi
960 4093 1067 4207 ιὲῐὸώ.
1097 4092 1190 4142 'Vra‘
1204 4091 1263 4140 infra
1280 4104 1332 4143 aot.
1350 4096 1381 4143 sc

328 4217 455 4283 sum
472 4172 640 4284 adamar]
662 4157 843 4271 seeum
874 4170 1080 4282 ‘'vi''ia'rpa
1091 4217 1167 4285 μω]
1182 4219 1381 4283 same..

336 4282 531 4343 mutinensium
548 4285 577 4333 cd
594 4284 760 4335 Gammausa
779 4286 842 4348 legar
872 4300 955 4351 penora
973 4298 1039 4333 asor
1056 4284 1142 4347 temus
1159 4300 1173 4331 r
1190 4284 1381 4335 Mareellodedi·

335 4346 470 4397 ridercturr
500 4364 554 4397 cam
582 4351 686 4415 tyrannis
715 4352 842 4415 opuntius
871 4360 965 4409 tumst
980 4350 1058 4413 spoliis
1075 4349 1241 4425 spumarum
1259 4362 1404 4418 amomis

334 4410 422 4460 bruun
431 4412 674 4475 Μηδικαὶ
690 4416 707 4481 ·,
723 4428 770 4482 om
785 4418 842 4479 cipi,
872 4414 1336 4483 commensuralitatem.
1362 4421 1367 4427 '
1399 4426 1405 4441 ·

334 4477 380 4529 Sed
393 4476 469 4529 Livius
478 4492 549 4544 rapa,
567 4488 593 4535 ut
603 4480 650 4530 ism
661 4430 780 4547 dquam
787 4495 842 4532 mo·
