3092 5200
510 382 590 442 am.
602 380 719 442 xxm.
734 365 823 442 'tna
835 380 876 443 x.
987 464 993 485 .
1170 388 1227 447 149

181 539 247 623 egli
275 536 450 622 camputis,
481 540 564 623 quod
595 538 762 623 amicitiam
790 524 877 601 buain
909 538 1055 604 Romana
1083 536 1224 603 societati
1237 523 1386 605 medad:
1525 580 1529 609 ,

179 626 433 710 preposuissentr
458 637 491 689 et
505 625 586 688 inter
600 637 702 688 cetera
714 626 881 707 magnifica
896 626 1045 707 promissa
1060 625 1225 705 pollicitus,
1236 616 1270 666 Α·
1281 611 1310 665 ⁰·
1321 614 1381 665 ²¹⁶·
1408 634 1411 643 ’
1528 704 1529 727 ¹

182 710 264 775 brevi
279 724 372 794 caput
387 710 483 773 ltaliae
498 704 832 793 omnilCapuarn'fore,
852 709 981 793 juraque
1003 710 1158 773 indacum
1173 712 1226 775 ce-'

182 798 255 861 teris
281 798 401 882 populis
416 796 591 859 Romanum
615 796 710 859 etiarn
737 796 913 879 petiturum.
957 794 1065 859 Unum
1083 816 1148 859 esse
1171 818 1226 859 ex-

182 894 294 947 sortem
310 882 430 945 Punica
454 883 596 945 amicitia
617 882 800 963 foederisqne
826 902 929 943 secum
951 881 1037 960 facti,
1060 901 1151 963 quern
1171 902 1226 944 ne·

181 989 239 1053 que
263 987 329 1031 esse
353 968 555 1052 Campanum,
579 987 678 1050 neque
702 968 762 1030 dici
790 966 910 1045 debere,
931 965 1072 1049 Magium
1085 966 1227 1030 Decium.

180 1070 253 1117 eum
265 1054 432 1139 postulare,
450 1064 485 1116 ut
498 1055 555 1116 eibi
571 1054 710 1132 dedatur,
733 1074 769 1115 ac
785 1074 818 1115 se
838 1062 985 1136 prasente
1008 1052 1046 1113 de
1061 1074 1099 1114 eo
1114 1053 1228 1115 refera-

178 1153 241 1219 tur,
260 1154 441 1223 senatusque
462 1140 633 1204 consultum
655 1139 721 1202 irat.
763 1138 879 1201 Omnes
901 1138 932 1200 in
954 1146 1025 1199 eam'
1044 1140 1229 1203 sententiam

184 1225 301 1289 ierunt:
325 1248 509 1309 quamquam
530 1248 648 1309 magnae
661 1225 740 1309 parti
764 1236 797 1287 et
810 1225 856 1286 vir
879 1224 1018 1306 indignus
1042 1245 1080 1286 ea
1101 1226 1229 1287 calami·

183 1324 259 1391 tate,
285 1325 318 1376 et
342 1314 423 1375 haud
446 1334 540 1397 parvo
571 1312 660 1374 initio
689 1310 785 1373 minui
811 1311 968 1372 videbatur
991 1308 1043 1391 jus
1067 1310 1230 1374 libertatis.

182 1396 328 1481 Egressus
344 1400 437 1475 curia,
459 1400 530 1460 ”in
552 1397 668 1480 templo
691 1398 885 1479 magistratus
900 1397 1059 1473 consedit3
1088 1417 1229 1480 compre-

185 1482 338 1567 hendique
367 1483 497 1546 Decium
525 1483 676 1565 Magium,
705 1493 797 1565 atque
827 1496 899 1544 ante
928 1482 1020 1565 pedes
1048 1482 1228 1547 destitutum

182 1588 324 1631 causum
339 1570 439 1631 dicere
461 1568 563 1649 jussit.
606 1568 666 1637 Qui
690 1589 794 1650 quum,
819 1566 964 1629 manente
989 1568 1102 1630 ferocia
1122 1568 1229 1647 animi,

185 1668 313 1736 negaret
326 1656 394 1735 lege
407 1653 530 1715 ioederis
552 1654 584 1714 id
606 1653 674 1734 cogi
689 1674 788 1734 pocae,
811 1664 876 1715 tum
892 1652 1011 1734 injecta
1023 1666 1147 1733 catenae,
1169 1654 1228 1717 du·

184 1740 273 1823 eique
288 1753 359 1801 ante
375 1739 513 1802 lictorem
522 1740 553 1800 in
563 1750 664 1800 castra
679 1750 727 1799 est
737 1737 849 1819 jussus.
893 1736 1002 1807 Quoad
1012 1739 1111 1821 capite
1121 1750 1227 1821 aperto
1238 1751 1331 1814 mm
1341 1748 1386 1798 oi·

185 1836 234 1887 est
248 1826 368 1903 ducitis,
391 1824 659 1888 contionabundus
681 1822 817 1901 incessit,
842 1823 881 1885 ad
902 1822 1114 1899 circurnfusam
1136 1814 1378 1931 andi-'fflffi

184 1930 244 1993 que
258 1912 486 1974 multitudinem
501 1910 669 1973 vociferans
678 1931 688 1986 3
706 1906 856 1973 ‘Habetis
873 1909 1055 1987 libertatem,
1068 1908 1228 1992 Campani,
1238 1893 1311 1997 {ff
1378 1900 1392 1917 ⁶

185 1997 196 2031 ‘
211 2015 303 2081 quarn
316 1997 445 2079 petistis.
460 1998 527 2059 loro
540 1996 653 2074 medio,
669 1995 843 2073 luceolum,
858 1994 1229 2077 videntibusvobisfflnlli
1294 1986 1298 1994 ’

186 2083 198 2118 ‘
211 2084 439 2165 Campanorum
450 2083 609 2161 secundus,
619 2083 737 2143 vinctus
749 2081 789 2142 ad
800 2093 929 2143 mortem
941 2082 1051 2163 rapior.
1073 2078 1155 2151 Quid
1164 2081 1229 2143 vio·
1262 2097 1264 2103 ·

186 2164 322 2231 ‘lentius
334 2169 446 2253 Capua
455 2180 548 2252 capta
557 2168 668 2230 lieret?
694 2166 740 2229 lte
754 2166 875 2229 obviarn
889 2164 1067 2243 Hannibali,
1083 2168 1230 2230 exornate

187 2253 330 2334 ‘urbem
352 2256 494 2335 diemque
509 2254 655 2316 adventus
675 2252 739 2334 ejus
762 2264 950 2331 consecrata,
971 2263 1005 2314 ut
1020 2253 1100 2315 hunc
1122 2252 1231 2315 tr'ium·

189 2342 201 2373 ‘
215 2340 310 2429 pirum
322 2342 361 2402 de
369 2342 433 2403 cive
448 2352 548 2403 vestro
559 2336 724 2423 spectetis?
768 2337 842 2401 Hac
852 2338 1042 2417 vociferanti,
1057 2359 1150 2421 quum
1161 2360 1231 2401 rno-

189 2426 251 2489 reri
265 2426 371 2508 vulgus
385 2426 546 2503 videretur,
556 2426 731 2488 obvolutum
742 2436 900 2507 caputest,
910 2424 1052 2509 ociusque
1064 2425 1129 2508 rapi
1142 2436 1231 2488 extra
1267 2421 1271 2427 ’

190 2523 310 2599 portam
330 2511 442 2595 jussus.
468 2514 512 2576 ita
525 2513 555 2574 in
571 2525 672 2574 castra
694 2510 888 2595 perducitur:
913 2512 1127 2593 extemploque
1142 2512 1232 2595 inpo-

189 2592 265 2661 situs
288 2599 319 2660 in
344 2598 454 2678 navim,
482 2612 514 2662 et
536 2596 759 2681 Karthaginem
785 2599 914 2676 missns3
941 2619 991 2676 ne,
1017 2608 1102 2661 motu
1128 2599 1230 2682 aliquo

190 2683 300 2768 Capua
321 2707 360 2748 cx
383 2687 567 2767 indignitate
592 2686 634 2746 rei
660 2695 738 2762 orto,
762 2696 901 2746 senatum
926 2705 1044 2768 quoque
1070 2686 1233 2768 poeniteret

189 2770 286 2833 dediti
300 2775 327 2811 ⁸⁸
337 2773 502 2856 principis:
519 2782 562 2849 et,
577 2770 769 2853 ”legatione
785 2771 877 2832 missa
889 2770 928 2832 ad
940 2772 1136 2854 repetendum
1151 2791 1232 2850 eum,

189 2878 229 2920 ne
244 2855 297 2921 aut
311 2859 455 2940 negando
478 2879 553 2937 rem,
579 2860 707 2939 ”quam
731 2858 862 2939 primurn
885 2869 1035 2939 peterent,
1058 2857 1232 2920 offendendi

188 2943 245 3005 sibi
261 2945 330 3006 novi
356 2945 450 3022 socii3
478 2955 533 3017 aut
545 2943 718 3019 tribuendo,
742 2943 898 3004 habendus
914 2941 1025 3026 Capuae
1048 2955 1127 3008 esset
1151 2943 1232 3006 sedi-

189 3029 282 3090 tionis
296 3049 332 3090 ac
348 3031 503 3092 turbarum
525 3040 640 3091 auctor.
683 3024 801 3090 Navem
817 3027 951 3112 Cyrenas
974 3029 1084 3092 detulit
1099 3041 1232 3114 tempes·
1245 3039 1348 3106 cynara
1357 3040 1399 3088 id.

190 3129 250 3191 tas,
265 3115 368 3194 ⁸⁷quar
381 3127 447 3176 tum
461 3115 494 3175 in
515 3106 631 3177 ditione
645 3133 749 3194 regum
771 3127 867 3176 erant.
891 3113 933 3174 ibi
949 3133 1041 3194 quum
1056 3111 1179 3196 Magius
1194 3114 1233 3176 ad
1285 3119 1390 3218 flam·

190 3211 325 3260 statuam
350 3197 539 3260 ”Ptolemoei
565 3200 627 3259 re'
670 3197 866 3280 conlirgisset,
893 3195 1068 3280 deportatus
1092 3219 1112 3260 a
1133 3181 1310 3284 custo-,ffi¹
1320 3181 1400 3296 ,ἐξ

190 3283 279 3346 dibus
294 3284 512 3348 Alexandriam
537 3283 578 3346 ad
650 3283 798 3361 lemaeum,
821 3285 848 3322 ⁸⁹
859 3303 951 3365 quum
977 3305 1045 3346 eum
1073 3283 1235 3362 docuisset,

191 3381 300 3443 contra
314 3369 366 3452 jus
392 3366 512 3433 liederis
535 3370 669 3432 vinctum
695 3390 728 3430 se
743 3369 793 3431 >ab
807 3367 981 3432 Hannibale
1006 3390 1083 3448 esse,
1108 3370 1234 3434 vinculis

191 3456 355 3535 liberatur3
378 3457 627 3539 permimumque,
652 3465 687 3516 ut
709 3455 835 3530 rediret,
862 3475 913 3516 seu
935 3453 1077 3534 Romani,
1099 3477 1152 3518 seu
1172 3455 1234 3518 Ca-

184 3561 283 3626 ·puarn
299 3541 414 3605 mallet.
437 3540 533 3603 ‘Nec’
548 3539 671 3624 Magius
686 3539 843 3624 ‘Capuam
855 3540 911 3602 sibi
924 3537 1033 3604 tutam'
1049 3542 1165 3621 dicere3
1181 3543 1234 3608 ‘et

191 3625 348 3691 ‘Romam
363 3649 401 3690 eo
415 3639 564 3711 ternpore,
579 3649 640 3709 quo
656 3626 735 3690 inter
749 3625 906 3690 Romanos
922 3626 1154 3710 Campanosque
1168 3629 1234 3690 bel·

223 3790 247 3826 ³³
262 3788 530 3855 Iampbmg'ntmar
545 3789 652 3854 madir]
671 3789 699 3838 lo
730 3787 970 3852 Gmaorimpriirram.

192 3853 254 3918 aa,
269 3857 310 3921 qui
326 3856 376 3919 juri
390 3853 489 3921 diendo
503 3855 629 3904 destinatas
639 3866 699 3913 crat,
761 3854 785 3892 51
801 3854 817 3883 θ
829 3853 884 3908 Qua
894 3849 974 3903 remia
984 3857 1149 3922 ditionem
1164 3854 1239 3924 mar]

193 3919 506 3984 quiqraideoreaplanaic
521 3930 624 3982 meur,
639 3921 700 3982 qaod
730 3917 814 3971 Qum
833 3920 885 3966 irasc
905 3919 1013 3969 scriberet
1034 3919 1124 3976 Lirim.
1137 3917 1239 3984 cyrena

192 3985 302 4037 aimirm
332 3984 433 4045 auguriis
462 3995 606 4033 mustra
632 3995 701 4034 caet.
728 3983 818 4048 inradia
839 3994 906 4032 erant
926 3985 951 4032 in
977 3983 1063 4036 ditione
1092 3985 1169 4048 populi
1188 3983 1239 4034 llo·

192 4049 318 4112 Templum
334 4050 398 4098 eniri
413 4059 451 4096 eet
466 4050 541 4097 omnis
554 4051 618 4100 loeus
631 4064 702 4110 augu-
733 4047 803 4096 mani.

193 4112 233 4162 riis
243 4127 397 4164 comm
428 4111 483 4162 Vid.
493 4118 594 4163 omis.
611 4114 702 4162 siaa
763 4111 788 4154 ’θ-
805 4111 820 4142 ’
833 4107 943 4159 Proteaaei
952 4109 1032 4178 liegii]
1052 4110 1171 4176 negusar
1181 4123 1237 4162 runc

195 4178 568 4229 instantii-adabaldi.
733 4176 757 4224 iu
779 4173 880 4239 AEgypm
901 4175 1038 4226 Ptolomeus
1059 4175 1199 4242 Philopator,
1224 4193 1238 4226 ι

227 4241 251 4275 ³⁸
267 4245 283 4274 θ
297 4243 416 4306 Principis]
440 4242 518 4292 Unius
534 4257 550 4292 a
566 4240 703 4307 pinetam
734 4240 1093 4304 adamantinam.

197 4305 353 4405 &qu-viris.
764 4304 1046 4368 salamonius]
1066 4303 1237 4375 cmitgljus.

266 4369 387 4434 ὑμῶν
399 4369 475 4432 aba]
497 4371 523 4418 Si
542 4371 627 4434 legatio
645 4370 702 4419 mit·
733 4370 764 4418 rit
775 4369 906 4417 Gronovius
921 4385 963 4435 pro
980 4372 1040 4430 dum,
1056 4369 1089 4418 its
1107 4371 1238 4434 malente

194 4436 481 4498 munimentum
491 4452 555 4485 eum.
732 4445 797 4482 recta
809 4433 1024 4496 loquerdimtioae.
1058 4433 1093 4484 iis
1110 4435 1238 4488 irretiis-

226 4495 458 4562 ”Quonim
487 4497 598 4564 mut]
633 4497 704 4552 urii
733 4498 870 4551 carmadas.
