3092 5200
330 328 404 383 Μ
739 330 823 391 'rm
844 332 945 395 LlVll

162 492 196 542 υ.
207 490 238 543 c.
250 496 305 545 536.
329 500 435 543 omnes
449 484 694 566 comprehensos,
717 487 800 550 velut
822 488 965 551 custodiae
979 508 1096 564 caussa,
1114 487 1231 551 balneis
1254 487 1369 551 includi

160 555 302 609 mm·
325 566 437 648 jussu:
461 570 522 648 ubi,
545 570 661 637 fervore
684 586 776 655 atque
800 587 873 638 oestu
895 576 998 637 anima
1011 574 1184 652 interclusa,
1205 574 1322 637 foedruu
1336 575 1371 636 in

154 734 157 737 ἢ
214 735 221 747 '
326 654 454 717 modum
468 657 665 739 exspirarent.
707 658 929 740 Eanefierent,
944 682 1004 723 neu
1019 661 1132 743 legatio
1146 660 1370 723 mittereturad

160 732 250 813 ΨΜ
264 736 318 784 Μ·-
331 738 467 820 Poenum,
481 764 601 807 summa
611 744 791 827 ope-Decius
807 746 940 829 Magius,
954 749 999 811 vir
1013 747 1061 809 cui
1077 748 1119 809 ad
1132 767 1280 811 summam
1293 767 1368 809 auc·

160 802 317 917 ffiffi&
329 828 484 891 toritatem
499 830 585 908 nihil,
600 845 708 912 praeter
718 853 824 893 sanam
841 834 950 895 civium
965 843 1113 911 mentem,
1128 833 1235 911 defait,
1247 833 1368 896 restite·

330 926 388 977 rat.
411 928 445 977 ut
466 936 537 977 vero
551 918 723 998 presidium
737 919 818 981 mitti
840 920 880 981 ab
896 918 1069 982 Hannibale
1085 919 1211 997 audivit,
1226 923 1252 957 ²⁴
1263 918 1367 1002 Pyrrhi

326 1002 488 1084 superbam
505 1002 755 1082 dominationem,
772 1005 1035 1087 miserabilemque
1053 1003 1289 1067 Tarentinorum
1304 1026 1368 1067 ser·

324 1089 466 1166 sionem,
481 1089 622 1170 exempla
643 1090 784 1169 reserens,
799 1092 909 1173 primo,
929 1113 968 1153 ue
988 1092 1171 1174 reciperetur
1186 1092 1369 1173 presidium,

270 1208 278 1223 ·
326 1174 431 1255 palam
446 1168 626 1237 vociferatus
636 1188 697 1239 est:
713 1177 834 1255 deinde,
845 1192 881 1241 ut
892 1189 1048 1261 receptum
1061 1189 1114 1240 aut
1124 1177 1293 1260 ejiceretur,
1303 1188 1367 1255 aut

325 1261 355 1321 'si
370 1262 482 1323 malum
497 1261 626 1339 facinus,
634 1263 716 1344 quod
729 1265 967 1327 avetustissimis
976 1264 1067 1326 sociis
1078 1264 1370 1345 consanguineisque

327 1346 518 1423 defecissent,
534 1348 605 1410 forti
619 1370 655 1409 ac
671 1351 859 1412 memorabili
882 1351 1016 1413 facinore
1035 1370 1164 1434 purgare
1184 1350 1308 1426 vellent,
1323 1360 1368 1427 ut,

328 1433 489 1496 interiecto
505 1432 617 1510 Punico
641 1437 792 1517 prasidio,
816 1438 1010 1499 restituerent
1036 1456 1069 1497 se
1092 1434 1249 1499 Romanis.
1291 1435 1367 1497 Hac

158 1525 264 1604 vocatas
273 1528 301 1576 ab
331 1518 532 1602 (nequeenim
547 1521 667 1583 occulte
678 1523 857 1603 agebaumr)
872 1544 965 1603 quum
975 1523 1068 1585 relata
1079 1520 1244 1585 Hamribali
1254 1532 1367 1601 essent,

160 1593 293 1643 umbus
328 1609 427 1689 primo
441 1607 535 1685 misit,
549 1608 601 1690 qui
610 1621 755 1671 vocarent
769 1608 910 1689 Magium
925 1609 965 1671 ad
979 1630 1044 1671 sese
1059 1610 1091 1670 in
1105 1619 1221 1671 castra:
1246 1608 1367 1686 deinde,

130 1754 139 1772 ‚.
159 1669 263 1775 {2⁸3
327 1714 420 1775 quum
436 1694 461 1754 is
472 1694 612 1755 ferociter
622 1706 763 1776 negasset
773 1716 806 1755 se
820 1696 945 1774 iturum,
960 1693 1029 1774 (nec
1043 1695 1124 1757 enim
1139 1693 1305 1757 Hannibali
1316 1693 1368 1775 jus

326 1801 393 1843 esse
407 1781 439 1841 in
455 1781 551 1841 ciuem
562 1778 765 1862 Campanum)
781 1782 951 1843 concitatus
963 1782 1008 1843 ira
1019 1780 1138 1860 Poenus,
1150 1778 1368 1863 comprehendi

325 1867 493 1944 bominem,
517 1866 712 1947 vinctumque
736 1867 856 1929 adtrahi
882 1868 923 1929 ad
946 1890 978 1931 se
995 1866 1096 1948 jussit.
1119 1867 1230 1931 veritus
1245 1866 1367 1945 deinde,

315 1969 366 2017 'ne
393 1954 466 2035 quid
490 1954 569 2015 inter
586 1953 649 2014 vim
664 1954 823 2031 tumultus,
845 1969 935 2035 atque
962 1974 1001 2015 ex
1027 1954 1229 2016 concitatione
1248 1954 1368 2015 artimo-

324 2060 394 2103 rum
423 2039 586 2101 inconsulti
611 2040 786 2102 certaminis
816 2040 952 2118 oriretur,
975 2040 1050 2121 ipse,
1081 2040 1232 2121 premisso
1254 2038 1367 2101 nuncio

324 2127 368 2189 ad
390 2124 523 2187 Marium
546 2123 684 2187 Blosium
703 2137 862 2207 praetorem
888 2126 1088 2208 Campanum,
1112 2134 1235 2208 postero
1259 2126 1308 2187 die
1333 2144 1368 2185 se

324 2211 440 2294 Capuae
465 2211 610 2290 futurum,
633 2211 833 2294 proficiscitur
858 2235 875 2275 e
902 2212 1008 2275 castris
1030 2232 1099 2273 cum
1125 2211 1247 2273 modico
1261 2211 1367 2293 presi·

325 2298 388 2359 dio.
443 2296 560 2359 Marius
583 2300 728 2361 concione
749 2300 900 2361 advocata
920 2299 1024 2377 edicit,
1045 2310 1080 2360 ut
1101 2297 1274 2378 frequentes
1296 2317 1368 2359 cum

326 2382 504 2466 conjugibus
527 2406 564 2447 ac
589 2385 690 2447 liberis
709 2386 831 2447 obviam
845 2386 924 2447 irent
939 2383 1116 2447 Hannibali.
1158 2382 1208 2445 Ab
1222 2382 1368 2445 universis

324 2471 359 2533 id
379 2492 442 2533 non
464 2472 641 2535 obedienter
662 2472 766 2551 modo,
789 2473 844 2535 sed
866 2472 959 2550 enise,
981 2471 1082 2533 favore
1104 2470 1197 2533 etiam
1219 2470 1312 2551 vulgi,
1334 2476 1368 2533 st

326 2559 427 2621 studio
441 2559 557 2622 visendi
572 2571 620 2623 tot
639 2558 706 2642 jam
725 2559 859 2622 victoriis
879 2558 994 2621 clarum
1010 2558 1233 2640 imperatorem,
1249 2554 1366 2622 lactum

157 2657 228 2709 Docti
239 2657 314 2720 tuga
325 2658 383 2709 est.
426 2645 539 2709 Decius
554 2645 676 2728 Magius
690 2667 747 2708 uec
761 2646 881 2709 obviam
895 2665 1032 2728 egressus
1044 2655 1102 2722 est,
1113 2664 1181 2722 uec,
1196 2663 1255 2724 quo
1271 2643 1365 2705 timo·

158 2724 296 2775 mm·
325 2753 391 2795 rem
413 2733 545 2814 aliquem
566 2755 605 2796 ex
625 2733 814 2796 conscicntia
835 2732 1007 2813 significare
1029 2742 1143 2814 posset,
1171 2729 1311 2812 privatim
1333 2747 1367 2790 se

325 2821 446 2882 tenuit:
469 2820 501 2880 iu
516 2819 583 2882 foro
597 2840 667 2881 cum
689 2818 753 2882 filio
777 2818 997 2898 clientibusque
1020 2817 1124 2900 paucis
1148 2818 1253 2878 otiose·
1266 2815 1366 2878 mam·

326 2907 451 2984 bulavit,
476 2906 648 2989 trepidante
676 2917 742 2968 tota
765 2906 887 2968 civitate
918 2903 959 2966 ad
994 2901 1205 2986 excipiendum
1240 2900 1366 2964 Poenum

325 2993 554 3073 visendamque.
598 2990 764 3070 Hannibal,
786 2993 937 3074 ingressus
957 2990 1073 3067 urbem,
1097 3000 1236 3051 senatum
1251 2997 1367 3050 extem-

326 3078 379 3161 plo
403 3079 549 3162 postulat,
567 3080 820 3162 precantibusque
842 3075 914 3139 inde
932 3076 1113 3159 primoribus
1129 3073 1366 3157 Campanorum,

326 3186 367 3228 ne
390 3166 462 3246 quid
486 3187 525 3227 eo
548 3165 598 3226 die
621 3165 704 3227 seria
727 3165 771 3226 rei
793 3177 923 3246 gereret,
944 3163 1086 3243 diemque
1106 3172 1142 3224 ut
1155 3163 1221 3244 ipse
1237 3161 1367 3223 adventu

325 3273 382 3314 suo
408 3253 518 3314 fesmm
544 3252 628 3314 leurs
662 3272 699 3312 ac
728 3251 825 3313 libens
854 3249 1040 3326 celebrarem
1076 3267 1258 3329 quamquam
1292 3267 1367 3330 pre·

325 3359 400 3422 ceps
429 3338 553 3421 ingenio
582 3339 614 3399 in
648 3337 725 3400 iram
763 3347 840 3416 erat,
875 3347 989 3412 mmen,
1020 3355 1061 3396 ne
1098 3334 1171 3414 quid
1196 3335 1227 3395 in
1252 3332 1368 3415 princi.-

323 3426 380 3507 pio
402 3435 539 3506 negaret,
565 3423 691 3485 visenda
719 3423 793 3484 urbe
826 3443 970 3505 magnam
996 3421 1056 3482 diei
1078 3430 1196 3503 partem
1226 3437 1370 3481 conamus

324 3510 380 3572 sit.

370 3592 458 3655 Vlll.
479 3591 678 3657 ceveracum
691 3606 740 3658 est
762 3595 846 3677 apud
869 3593 1060 3658 ¹⁵Ninniosk
1075 3591 1207 3672 Celeres,
1230 3588 1369 3654 Stenium

328 3679 560 3762 Pacuviumque,
583 3679 704 3742 inclitos
734 3681 894 3744 nobilitate
921 3701 957 3742 ac
983 3681 1104 3744 divitiis.
1147 3677 1193 3742 Eo
1223 3675 1368 3740 Pacuvius

327 3767 480 3846 Calavius,
502 3768 541 3829 de
562 3787 622 3849 quo
644 3777 717 3829 ante
738 3767 855 3830 dictum
878 3777 933 3843 est,
965 3767 1105 3850 princeps
1131 3765 1273 3828 factionis
1295 3761 1371 3844 ejus,

326 3875 395 3938 qua
403 3865 537 3917 traxerat
548 3875 613 3916 rem
623 3851 665 3916 ad
677 3851 801 3934 Poenos,
815 3853 911 3918 lilium
923 3851 1067 3936 juvenem
1083 3853 1222 3932 adduxit,
1236 3852 1370 3914 abstrac-

457 3983 781 4038 mancationem.
1058 3981 1171 4032 *unas
1180 3981 1246 4030 llud.

357 4083 508 4149 ”Pyrrhi
526 4083 833 4147 superimmensus]
863 4079 1112 4148 «cespitaticum.
1145 4079 1259 4129 cereum
1276 4077 1306 4124 de
1323 4084 1375 4124 toto

326 4147 431 4213 ἦπὶιω
448 4167 461 4197 a
477 4147 615 4199 Tarentinis
633 4151 720 4200 accitas
740 4151 765 4198 in
787 4151 835 4198 lta-
866 4149 980 4198 hocloco
997 4148 1036 4212 qui
1055 4143 1167 4194 l‘eroliam
1185 4151 1281 4206 meret,
1298 4153 1376 4204 open

324 4213 494 4276 tumulorum
506 4215 836 4279 boembmmrersdisciplinr
866 4215 964 4278 perium
980 4225 1016 4262 sn
1030 4212 1106 4273 legere
1120 4225 1141 4260 c.
1155 4213 1179 4257 4.
1193 4207 1211 4255 l.
1227 4217 1262 4256 ιν.
1278 4205 1379 4253 observ.

324 4279 438 4335 ‘mk‘
452 4291 522 4342 atque
535 4281 608 4330 etism
624 4281 744 4329 minua
760 4281 837 4345 potito
865 4277 989 4340 Gronovii,
1007 4277 1048 4325 ubi
1065 4273 1141 4324 mirari
1157 4271 1234 4322 licebit
1251 4269 1379 4320 and-tsi

413 4342 501 4391 socium
518 4346 573 4406 egit.
612 4347 705 4404 ’Νῆα
725 4343 788 4395 l’lut.
810 4347 835 4394 in
866 4340 1153 4404 bomiabsagscirrtemin
1166 4337 1292 4387 masada
1303 4333 1377 4386 MSS.

419 4435 437 4455 ··
867 4407 968 4458 multum
990 4423 1051 4474 sepe
1079 4403 1211 4458 deformatis
1236 4417 1291 4454 vem
1318 4399 1378 4452 Hm

360 4470 481 4535 i'diiaioe
500 4471 594 4539 cmm]
617 4473 684 4538 Leg'e
703 4476 836 4526 &moriar
863 4475 988 4540 scripum.
