<?xml version="1.0" encoding="UTF-8"?>
<!DOCTYPE html PUBLIC "-//W3C//DTD XHTML 1.0 Transitional//EN"
    "http://www.w3.org/TR/xhtml1/DTD/xhtml1-transitional.dtd">
<html xmlns="http://www.w3.org/1999/xhtml" xml:lang="en" lang="en">
 <head>
  <title>
</title>
<meta http-equiv="Content-Type" content="text/html;charset=utf-8" />
  <meta name='ocr-system' content='tesseract 3.04.00' />
  <meta name='ocr-capabilities' content='ocr_page ocr_carea ocr_par ocr_line ocrx_word'/>
</head>
<body>
  <div class='ocr_page' id='page_1' title='image "./tliviipatavinih01grongoog_0335.png"; bbox 0 0 3092 5200; ppageno 0'>
   <div class='ocr_carea' id='block_1_1' title="bbox 474 365 1202 436">
    <p class='ocr_par' dir='ltr' id='par_1_1' title="bbox 474 365 1202 436">
     <span class='ocr_line' id='line_1_1' title="bbox 474 365 1202 436; baseline 0.008 -6"><span class='ocrx_word' id='word_1_1' title='bbox 474 366 553 430; x_wconf 81' lang='lat' dir='ltr'><strong>LIB.</strong></span> <span class='ocrx_word' id='word_1_2' title='bbox 563 365 676 432; x_wconf 84' lang='lat' dir='ltr'>XXVI.</span> <span class='ocrx_word' id='word_1_3' title='bbox 696 369 777 432; x_wconf 76' lang='lat' dir='ltr'><strong>CAP.</strong></span> <span class='ocrx_word' id='word_1_4' title='bbox 792 372 890 435; x_wconf 85' lang='lat' dir='ltr'>xv11.</span> <span class='ocrx_word' id='word_1_5' title='bbox 1142 379 1202 436; x_wconf 68' lang='lat'><strong>825</strong></span> 
     </span>
    </p>
   </div>
   <div class='ocr_carea' id='block_1_2' title="bbox 130 523 1370 3808">
    <p class='ocr_par' dir='ltr' id='par_1_2' title="bbox 130 523 1370 2837">
     <span class='ocr_line' id='line_1_2' title="bbox 159 523 1355 614; baseline 0.007 -27"><span class='ocrx_word' id='word_1_6' title='bbox 159 525 203 588; x_wconf 87' lang='lat' dir='ltr'><strong>les</strong></span> <span class='ocrx_word' id='word_1_7' title='bbox 218 523 368 611; x_wconf 89' lang='lat' dir='ltr'><strong>Campani</strong></span> <span class='ocrx_word' id='word_1_8' title='bbox 385 527 417 589; x_wconf 91' lang='lat' dir='ltr'><strong>ln</strong></span> <span class='ocrx_word' id='word_1_9' title='bbox 438 547 589 592; x_wconf 85' lang='lat' dir='ltr'><strong>carcerem</strong></span> <span class='ocrx_word' id='word_1_10' title='bbox 612 529 745 592; x_wconf 87' lang='lat' dir='ltr'><strong>conditi:</strong></span> <span class='ocrx_word' id='word_1_11' title='bbox 770 529 832 609; x_wconf 89' lang='lat' dir='ltr'><strong>alii,</strong></span> <span class='ocrx_word' id='word_1_12' title='bbox 855 551 910 614; x_wconf 89' lang='lat' dir='ltr'><strong>per</strong></span> <span class='ocrx_word' id='word_1_13' title='bbox 929 529 1079 593; x_wconf 89' lang='lat' dir='ltr'><strong>sociorum</strong></span> <span class='ocrx_word' id='word_1_14' title='bbox 1098 529 1198 595; x_wconf 70' lang='lat' dir='ltr'><strong>latini</strong></span> <span class='ocrx_word' id='word_1_15' title='bbox 1212 541 1285 592; x_wconf 72' lang='lat' dir='ltr'><strong>lle.</strong></span> <span class='ocrx_word' id='word_1_16' title='bbox 1298 543 1355 595; x_wconf 72' lang='lat'><strong>541.</strong></span> 
     </span>
     <span class='ocr_line' id='line_1_3' title="bbox 159 605 1352 695; baseline 0.008 -22"><span class='ocrx_word' id='word_1_17' title='bbox 159 614 290 678; x_wconf 86' lang='lat' dir='ltr'><strong>nominis</strong></span> <span class='ocrx_word' id='word_1_18' title='bbox 310 615 399 676; x_wconf 88' lang='lat' dir='ltr'><strong>urbes</strong></span> <span class='ocrx_word' id='word_1_19' title='bbox 418 614 450 676; x_wconf 91' lang='lat' dir='ltr'><strong>in</strong></span> <span class='ocrx_word' id='word_1_20' title='bbox 469 615 621 678; x_wconf 74' lang='lat' dir='ltr'>custodias</span> <span class='ocrx_word' id='word_1_21' title='bbox 646 616 722 695; x_wconf 91' lang='lat' dir='ltr'><strong>dati,</strong></span> <span class='ocrx_word' id='word_1_22' title='bbox 745 617 835 678; x_wconf 88' lang='lat' dir='ltr'><strong>variis</strong></span> <span class='ocrx_word' id='word_1_23' title='bbox 861 617 979 679; x_wconf 91' lang='lat' dir='ltr'><strong>casibus</strong></span> <span class='ocrx_word' id='word_1_24' title='bbox 998 618 1197 683; x_wconf 82' lang='lat' dir='ltr'><strong>interierunt:</strong></span> <span class='ocrx_word' id='word_1_25' title='bbox 1214 608 1236 656; x_wconf 63' lang='grc' dir='ltr'><strong>Α</strong></span> <span class='ocrx_word' id='word_1_26' title='bbox 1254 605 1352 658; x_wconf 58' lang='lat'><strong>⁰²¹¹·</strong></span> 
     </span>
     <span class='ocr_line' id='line_1_4' title="bbox 158 697 1370 785; baseline 0.006 -24"><span class='ocrx_word' id='word_1_27' title='bbox 158 699 357 764; x_wconf 82' lang='lat' dir='ltr'><strong>⁷²mu1tirud0</strong></span> <span class='ocrx_word' id='word_1_28' title='bbox 377 700 438 762; x_wconf 90' lang='lat' dir='ltr'><strong>slis</strong></span> <span class='ocrx_word' id='word_1_29' title='bbox 451 701 560 764; x_wconf 84' lang='lat' dir='ltr'><strong>civium</strong></span> <span class='ocrx_word' id='word_1_30' title='bbox 580 701 806 785; x_wconf 79' lang='lat' dir='ltr'>Campanorum</span> <span class='ocrx_word' id='word_1_31' title='bbox 824 705 1017 765; x_wconf 87' lang='lat' dir='ltr'><strong>venumdata.</strong></span> <span class='ocrx_word' id='word_1_32' title='bbox 1059 703 1108 766; x_wconf 86' lang='lat' dir='ltr'><strong>De</strong></span> <span class='ocrx_word' id='word_1_33' title='bbox 1126 707 1201 768; x_wconf 89' lang='lat' dir='ltr'><strong>urbe</strong></span> <span class='ocrx_word' id='word_1_34' title='bbox 1213 697 1284 776; x_wconf 57' lang='lat' dir='ltr'><strong>ci&#39;?</strong></span> <span class='ocrx_word' id='word_1_35' title='bbox 1296 697 1370 776; x_wconf 74' lang='lat'><strong>⁰⁹¹¹!-</strong></span> 
     </span>
     <span class='ocr_line' id='line_1_5' title="bbox 159 764 1368 878; baseline 0.004 -30"><span class='ocrx_word' id='word_1_36' title='bbox 159 805 292 867; x_wconf 81' lang='lat' dir='ltr'><strong>agroque</strong></span> <span class='ocrx_word' id='word_1_37' title='bbox 310 786 427 868; x_wconf 89' lang='lat' dir='ltr'><strong>reliqua</strong></span> <span class='ocrx_word' id='word_1_38' title='bbox 446 789 628 853; x_wconf 65' lang='lat' dir='ltr'><strong>consultatio</strong></span> <span class='ocrx_word' id='word_1_39' title='bbox 647 789 717 868; x_wconf 84' lang='lat' dir='ltr'><strong>fuit,</strong></span> <span class='ocrx_word' id='word_1_40' title='bbox 737 790 919 872; x_wconf 88' lang='lat' dir='ltr'><strong>quibusdam</strong></span> <span class='ocrx_word' id='word_1_41' title='bbox 942 790 1104 852; x_wconf 81' lang='lat' dir='ltr'><strong>delendam</strong></span> <span class='ocrx_word' id='word_1_42' title='bbox 1124 811 1199 853; x_wconf 86' lang='lat' dir='ltr'><strong>cen·</strong></span> <span class='ocrx_word' id='word_1_43' title='bbox 1212 777 1266 878; x_wconf 49' lang='grc' dir='ltr'><strong>ἔξω</strong></span> <span class='ocrx_word' id='word_1_44' title='bbox 1287 764 1368 812; x_wconf 64' lang='lat'><strong>&#39;⁶⁰⁶⁸&#39;</strong></span> 
     </span>
     <span class='ocr_line' id='line_1_6' title="bbox 159 872 1335 960; baseline 0.006 -28"><span class='ocrx_word' id='word_1_45' title='bbox 159 872 294 936; x_wconf 78' lang='lat' dir='ltr'>sentibus</span> <span class='ocrx_word' id='word_1_46' title='bbox 315 874 420 936; x_wconf 89' lang='lat' dir='ltr'><strong>urbem</strong></span> <span class='ocrx_word' id='word_1_47' title='bbox 443 874 645 958; x_wconf 78' lang='lat' dir='ltr'><strong>praevalidam,</strong></span> <span class='ocrx_word' id='word_1_48' title='bbox 664 876 876 960; x_wconf 91' lang='lat' dir='ltr'><strong>propinquam,</strong></span> <span class='ocrx_word' id='word_1_49' title='bbox 900 876 1065 938; x_wconf 87' lang='lat' dir='ltr'><strong>inimicam.</strong></span> <span class='ocrx_word' id='word_1_50' title='bbox 1109 875 1202 939; x_wconf 89' lang='lat' dir='ltr'><strong>Cete-</strong></span> <span class='ocrx_word' id='word_1_51' title='bbox 1331 875 1335 882; x_wconf 82' lang='lat'>&#39;</span> 
     </span>
     <span class='ocr_line' id='line_1_7' title="bbox 159 961 1367 1045; baseline 0.008 -26"><span class='ocrx_word' id='word_1_52' title='bbox 159 979 226 1020; x_wconf 89' lang='lat' dir='ltr'><strong>rum</strong></span> <span class='ocrx_word' id='word_1_53' title='bbox 249 981 377 1044; x_wconf 84' lang='lat' dir='ltr'><strong>praesens</strong></span> <span class='ocrx_word' id='word_1_54' title='bbox 401 961 516 1024; x_wconf 86' lang='lat' dir='ltr'><strong>utilitas</strong></span> <span class='ocrx_word' id='word_1_55' title='bbox 534 962 617 1024; x_wconf 85' lang='lat' dir='ltr'><strong>vicit.</strong></span> <span class='ocrx_word' id='word_1_56' title='bbox 637 980 708 1023; x_wconf 86' lang='lat' dir='ltr'><strong>nam</strong></span> <span class='ocrx_word' id='word_1_57' title='bbox 723 974 848 1045; x_wconf 88' lang='lat' dir='ltr'><strong>propter</strong></span> <span class='ocrx_word' id='word_1_58' title='bbox 870 981 986 1044; x_wconf 81' lang='lat' dir='ltr'><strong>agrum,</strong></span> <span class='ocrx_word' id='word_1_59' title='bbox 1007 983 1097 1044; x_wconf 88' lang='lat' dir='ltr'><strong>quem</strong></span> <span class='ocrx_word' id='word_1_60' title='bbox 1117 964 1201 1025; x_wconf 89' lang='lat' dir='ltr'><strong>omni</strong></span> <span class='ocrx_word' id='word_1_61' title='bbox 1214 976 1279 1028; x_wconf 82' lang='lat' dir='ltr'><strong>Urbs</strong></span> <span class='ocrx_word' id='word_1_62' title='bbox 1291 991 1367 1030; x_wconf 76' lang='lat' dir='ltr'><strong>sema.</strong></span> 
     </span>
     <span class='ocr_line' id='line_1_8' title="bbox 160 1044 1247 1130; baseline 0.006 -25"><span class='ocrx_word' id='word_1_63' title='bbox 160 1044 315 1108; x_wconf 71' lang='lat' dir='ltr'><strong>fertilitate</strong></span> <span class='ocrx_word' id='word_1_64' title='bbox 337 1057 423 1110; x_wconf 76' lang='lat' dir='ltr'><strong>terra</strong></span> <span class='ocrx_word' id='word_1_65' title='bbox 446 1049 520 1111; x_wconf 90' lang='lat' dir='ltr'><strong>satis</strong></span> <span class='ocrx_word' id='word_1_66' title='bbox 545 1048 706 1111; x_wconf 70' lang='lat' dir='ltr'><strong>constabat</strong></span> <span class='ocrx_word' id='word_1_67' title='bbox 725 1049 858 1130; x_wconf 88' lang='lat' dir='ltr'><strong>primum</strong></span> <span class='ocrx_word' id='word_1_68' title='bbox 876 1050 909 1110; x_wconf 91' lang='lat' dir='ltr'><strong>in</strong></span> <span class='ocrx_word' id='word_1_69' title='bbox 927 1047 1017 1112; x_wconf 92' lang='lat' dir='ltr'><strong>ltalia</strong></span> <span class='ocrx_word' id='word_1_70' title='bbox 1036 1071 1112 1129; x_wconf 90' lang='lat' dir='ltr'><strong>esse,</strong></span> <span class='ocrx_word' id='word_1_71' title='bbox 1130 1051 1202 1113; x_wconf 85' lang='lat' dir='ltr'><strong>urbs</strong></span> <span class='ocrx_word' id='word_1_72' title='bbox 1213 1055 1247 1094; x_wconf 69' lang='lat'><strong>⁸¹·</strong></span> 
     </span>
     <span class='ocr_line' id='line_1_9' title="bbox 159 1135 1202 1220; baseline 0.003 -24"><span class='ocrx_word' id='word_1_73' title='bbox 159 1142 276 1196; x_wconf 83' lang='lat' dir='ltr'><strong>servata</strong></span> <span class='ocrx_word' id='word_1_74' title='bbox 290 1145 348 1212; x_wconf 91' lang='lat' dir='ltr'><strong>est,</strong></span> <span class='ocrx_word' id='word_1_75' title='bbox 364 1147 398 1196; x_wconf 90' lang='lat' dir='ltr'><strong>ut</strong></span> <span class='ocrx_word' id='word_1_76' title='bbox 413 1146 494 1197; x_wconf 88' lang='lat' dir='ltr'><strong>esset</strong></span> <span class='ocrx_word' id='word_1_77' title='bbox 509 1135 611 1217; x_wconf 89' lang='lat' dir='ltr'><strong>aliqua</strong></span> <span class='ocrx_word' id='word_1_78' title='bbox 624 1145 778 1196; x_wconf 88' lang='lat' dir='ltr'><strong>aratorum</strong></span> <span class='ocrx_word' id='word_1_79' title='bbox 801 1136 899 1198; x_wconf 87' lang='lat' dir='ltr'><strong>sedes.</strong></span> <span class='ocrx_word' id='word_1_80' title='bbox 914 1135 981 1200; x_wconf 90' lang='lat' dir='ltr'><strong>urbi</strong></span> <span class='ocrx_word' id='word_1_81' title='bbox 1006 1135 1202 1220; x_wconf 83' lang='lat' dir='ltr'><strong>frequentan-</strong></span> 
     </span>
     <span class='ocr_line' id='line_1_10' title="bbox 158 1217 1201 1303; baseline 0.006 -25"><span class='ocrx_word' id='word_1_82' title='bbox 158 1217 203 1278; x_wconf 82' lang='lat' dir='ltr'><strong>dae</strong></span> <span class='ocrx_word' id='word_1_83' title='bbox 235 1219 400 1283; x_wconf 89' lang='lat' dir='ltr'><strong>multitudo</strong></span> <span class='ocrx_word' id='word_1_84' title='bbox 429 1223 456 1268; x_wconf 83' lang='lat'><strong>⁷³</strong></span> <span class='ocrx_word' id='word_1_85' title='bbox 470 1221 636 1284; x_wconf 88' lang='lat' dir='ltr'><strong>incolarum</strong></span> <span class='ocrx_word' id='word_1_86' title='bbox 665 1221 935 1303; x_wconf 70' lang='lat' dir='ltr'><strong>libertinorumque</strong></span> <span class='ocrx_word' id='word_1_87' title='bbox 963 1233 997 1284; x_wconf 90' lang='lat' dir='ltr'><strong>et</strong></span> <span class='ocrx_word' id='word_1_88' title='bbox 1024 1223 1201 1285; x_wconf 89' lang='lat' dir='ltr'><strong>institorum</strong></span> 
     </span>
     <span class='ocr_line' id='line_1_11' title="bbox 157 1303 1201 1393; baseline 0.007 -29"><span class='ocrx_word' id='word_1_89' title='bbox 157 1303 360 1387; x_wconf 84' lang='lat' dir='ltr'><strong>opificumque</strong></span> <span class='ocrx_word' id='word_1_90' title='bbox 376 1318 514 1370; x_wconf 81' lang='lat' dir='ltr'><strong>retenta:</strong></span> <span class='ocrx_word' id='word_1_91' title='bbox 541 1327 614 1389; x_wconf 87' lang='lat' dir='ltr'><strong>ager</strong></span> <span class='ocrx_word' id='word_1_92' title='bbox 628 1307 727 1370; x_wconf 89' lang='lat' dir='ltr'><strong>omnis</strong></span> <span class='ocrx_word' id='word_1_93' title='bbox 741 1319 773 1370; x_wconf 93' lang='lat' dir='ltr'><strong>et</strong></span> <span class='ocrx_word' id='word_1_94' title='bbox 788 1319 870 1370; x_wconf 88' lang='lat' dir='ltr'><strong>tecta</strong></span> <span class='ocrx_word' id='word_1_95' title='bbox 880 1308 1004 1391; x_wconf 86' lang='lat' dir='ltr'><strong>publica</strong></span> <span class='ocrx_word' id='word_1_96' title='bbox 1016 1309 1120 1393; x_wconf 92' lang='lat' dir='ltr'><strong>populi</strong></span> <span class='ocrx_word' id='word_1_97' title='bbox 1136 1309 1201 1371; x_wconf 86' lang='lat' dir='ltr'><strong>Ro·</strong></span> 
     </span>
     <span class='ocr_line' id='line_1_12' title="bbox 157 1391 1356 1484; baseline 0.006 -34"><span class='ocrx_word' id='word_1_98' title='bbox 157 1391 239 1453; x_wconf 88' lang='lat' dir='ltr'><strong>mani</strong></span> <span class='ocrx_word' id='word_1_99' title='bbox 256 1391 347 1455; x_wconf 79' lang='lat' dir='ltr'><strong>facta.</strong></span> <span class='ocrx_word' id='word_1_100' title='bbox 390 1393 533 1457; x_wconf 90' lang='lat' dir='ltr'><strong>Ceterum</strong></span> <span class='ocrx_word' id='word_1_101' title='bbox 549 1394 678 1456; x_wconf 91' lang='lat' dir='ltr'><strong>habitari</strong></span> <span class='ocrx_word' id='word_1_102' title='bbox 693 1405 823 1473; x_wconf 88' lang='lat' dir='ltr'><strong>tantum,</strong></span> <span class='ocrx_word' id='word_1_103' title='bbox 838 1405 992 1476; x_wconf 80' lang='lat' dir='ltr'><strong>tamquam</strong></span> <span class='ocrx_word' id='word_1_104' title='bbox 1007 1396 1125 1475; x_wconf 86' lang='lat' dir='ltr'><strong>urbem,</strong></span> <span class='ocrx_word' id='word_1_105' title='bbox 1139 1394 1201 1457; x_wconf 91' lang='lat' dir='ltr'><strong>Ca·</strong></span> <span class='ocrx_word' id='word_1_106' title='bbox 1213 1405 1260 1468; x_wconf 70' lang='lat' dir='ltr'><strong>sed</strong></span> <span class='ocrx_word' id='word_1_107' title='bbox 1277 1408 1309 1456; x_wconf 80' lang='lat' dir='ltr'><strong>ns</strong></span> <span class='ocrx_word' id='word_1_108' title='bbox 1320 1420 1356 1484; x_wconf 77' lang='grc' dir='ltr'><strong>Ιιιι</strong></span> 
     </span>
     <span class='ocr_line' id='line_1_13' title="bbox 157 1473 1344 1564; baseline 0.006 -27"><span class='ocrx_word' id='word_1_109' title='bbox 157 1495 261 1558; x_wconf 89' lang='lat' dir='ltr'><strong>puam,</strong></span> <span class='ocrx_word' id='word_1_110' title='bbox 286 1479 529 1564; x_wconf 84' lang='lat' dir='ltr'><strong>frequentarique</strong></span> <span class='ocrx_word' id='word_1_111' title='bbox 548 1480 684 1564; x_wconf 87' lang='lat' dir='ltr'><strong>placuit:</strong></span> <span class='ocrx_word' id='word_1_112' title='bbox 710 1501 819 1564; x_wconf 88' lang='lat' dir='ltr'><strong>corpus</strong></span> <span class='ocrx_word' id='word_1_113' title='bbox 842 1481 958 1542; x_wconf 90' lang='lat' dir='ltr'><strong>nullum</strong></span> <span class='ocrx_word' id='word_1_114' title='bbox 980 1481 1121 1561; x_wconf 81' lang='lat' dir='ltr'><strong>civitatis,</strong></span> <span class='ocrx_word' id='word_1_115' title='bbox 1143 1473 1303 1544; x_wconf 57' lang='lat' dir='ltr'><strong>nec¹l¹¹¹¹¹⁸</strong></span> <span class='ocrx_word' id='word_1_116' title='bbox 1319 1489 1344 1520; x_wconf 80' lang='lat'><strong>¹²¹</strong></span> 
     </span>
     <span class='ocr_line' id='line_1_14' title="bbox 156 1549 1356 1667; baseline 0.005 -43"><span class='ocrx_word' id='word_1_117' title='bbox 156 1576 291 1645; x_wconf 90' lang='lat' dir='ltr'><strong>senatus,</strong></span> <span class='ocrx_word' id='word_1_118' title='bbox 317 1587 374 1628; x_wconf 87' lang='lat' dir='ltr'><strong>nee</strong></span> <span class='ocrx_word' id='word_1_119' title='bbox 400 1567 496 1649; x_wconf 86' lang='lat' dir='ltr'><strong>plebis</strong></span> <span class='ocrx_word' id='word_1_120' title='bbox 526 1567 699 1644; x_wconf 86' lang='lat' dir='ltr'><strong>concilium,</strong></span> <span class='ocrx_word' id='word_1_121' title='bbox 725 1587 783 1628; x_wconf 93' lang='lat' dir='ltr'><strong>nec</strong></span> <span class='ocrx_word' id='word_1_122' title='bbox 813 1569 1008 1649; x_wconf 79' lang='lat' dir='ltr'><strong>magistratus</strong></span> <span class='ocrx_word' id='word_1_123' title='bbox 1032 1589 1107 1630; x_wconf 87' lang='lat' dir='ltr'><strong>esse.</strong></span> <span class='ocrx_word' id='word_1_124' title='bbox 1136 1549 1356 1667; x_wconf 50' lang='lat' dir='ltr'><strong>siueffdffi</strong></span> 
     </span>
     <span class='ocr_line' id='line_1_15' title="bbox 157 1643 1252 1736; baseline 0.006 -25"><span class='ocrx_word' id='word_1_125' title='bbox 157 1643 285 1712; x_wconf 88' lang='lat' dir='ltr'><strong>consilio</strong></span> <span class='ocrx_word' id='word_1_126' title='bbox 300 1652 432 1734; x_wconf 84' lang='lat' dir='ltr'><strong>publico,</strong></span> <span class='ocrx_word' id='word_1_127' title='bbox 455 1653 520 1714; x_wconf 93' lang='lat' dir='ltr'><strong>sine</strong></span> <span class='ocrx_word' id='word_1_128' title='bbox 540 1653 668 1736; x_wconf 88' lang='lat' dir='ltr'><strong>imperio</strong></span> <span class='ocrx_word' id='word_1_129' title='bbox 683 1653 921 1732; x_wconf 88' lang='lat' dir='ltr'><strong>multitudinem,</strong></span> <span class='ocrx_word' id='word_1_130' title='bbox 937 1653 1046 1715; x_wconf 89' lang='lat' dir='ltr'><strong>nullius</strong></span> <span class='ocrx_word' id='word_1_131' title='bbox 1061 1656 1104 1716; x_wconf 92' lang='lat' dir='ltr'><strong>rei</strong></span> <span class='ocrx_word' id='word_1_132' title='bbox 1122 1656 1201 1718; x_wconf 81' lang='lat' dir='ltr'><strong>inter</strong></span> <span class='ocrx_word' id='word_1_133' title='bbox 1213 1669 1252 1718; x_wconf 79' lang='lat' dir='ltr'><strong>tis.</strong></span> 
     </span>
     <span class='ocr_line' id='line_1_16' title="bbox 130 1737 1201 1821; baseline 0.007 -25"><span class='ocrx_word' id='word_1_134' title='bbox 130 1745 134 1753; x_wconf 91' lang='grc'><strong>’</strong></span> <span class='ocrx_word' id='word_1_135' title='bbox 157 1755 191 1796; x_wconf 88' lang='lat' dir='ltr'><strong>se</strong></span> <span class='ocrx_word' id='word_1_136' title='bbox 214 1737 340 1818; x_wconf 89' lang='lat' dir='ltr'><strong>sociam,</strong></span> <span class='ocrx_word' id='word_1_137' title='bbox 361 1737 401 1801; x_wconf 91' lang='lat' dir='ltr'><strong>ad</strong></span> <span class='ocrx_word' id='word_1_138' title='bbox 421 1759 599 1800; x_wconf 86' lang='lat' dir='ltr'><strong>consensum</strong></span> <span class='ocrx_word' id='word_1_139' title='bbox 620 1739 786 1800; x_wconf 89' lang='lat' dir='ltr'><strong>inhabilem</strong></span> <span class='ocrx_word' id='word_1_140' title='bbox 808 1739 882 1802; x_wconf 83' lang='lat' dir='ltr'><strong>sore.</strong></span> <span class='ocrx_word' id='word_1_141' title='bbox 924 1742 953 1785; x_wconf 85' lang='lat'><strong>⁷⁴</strong></span> <span class='ocrx_word' id='word_1_142' title='bbox 961 1739 1138 1821; x_wconf 73' lang='lat' dir='ltr'><strong>praelectum</strong></span> <span class='ocrx_word' id='word_1_143' title='bbox 1161 1743 1201 1804; x_wconf 93' lang='lat' dir='ltr'><strong>ad</strong></span> 
     </span>
     <span class='ocr_line' id='line_1_17' title="bbox 154 1820 1200 1910; baseline 0.006 -28"><span class='ocrx_word' id='word_1_144' title='bbox 154 1820 225 1902; x_wconf 81' lang='lat' dir='ltr'><strong>jura</strong></span> <span class='ocrx_word' id='word_1_145' title='bbox 239 1824 396 1886; x_wconf 89' lang='lat' dir='ltr'><strong>reddenda</strong></span> <span class='ocrx_word' id='word_1_146' title='bbox 410 1827 449 1887; x_wconf 92' lang='lat' dir='ltr'><strong>ab</strong></span> <span class='ocrx_word' id='word_1_147' title='bbox 465 1824 565 1887; x_wconf 89' lang='lat' dir='ltr'><strong>Roma</strong></span> <span class='ocrx_word' id='word_1_148' title='bbox 576 1826 738 1907; x_wconf 88' lang='lat' dir='ltr'><strong>quotannis</strong></span> <span class='ocrx_word' id='word_1_149' title='bbox 752 1824 908 1888; x_wconf 84' lang='lat' dir='ltr'><strong>missuros.</strong></span> <span class='ocrx_word' id='word_1_150' title='bbox 951 1824 1000 1888; x_wconf 88' lang='lat' dir='ltr'><strong>Ita</strong></span> <span class='ocrx_word' id='word_1_151' title='bbox 1010 1827 1050 1888; x_wconf 88' lang='lat' dir='ltr'><strong>ad</strong></span> <span class='ocrx_word' id='word_1_152' title='bbox 1062 1826 1200 1910; x_wconf 85' lang='lat' dir='ltr'><strong>Capuam</strong></span> 
     </span>
     <span class='ocr_line' id='line_1_18' title="bbox 159 1911 1201 1994; baseline 0.006 -26"><span class='ocrx_word' id='word_1_153' title='bbox 159 1927 207 1969; x_wconf 88' lang='lat' dir='ltr'><strong>res</strong></span> <span class='ocrx_word' id='word_1_154' title='bbox 232 1912 417 1994; x_wconf 75' lang='lat' dir='ltr'><strong>compositas,</strong></span> <span class='ocrx_word' id='word_1_155' title='bbox 437 1912 563 1973; x_wconf 89' lang='lat' dir='ltr'><strong>consilio</strong></span> <span class='ocrx_word' id='word_1_156' title='bbox 587 1912 625 1973; x_wconf 89' lang='lat' dir='ltr'><strong>ab</strong></span> <span class='ocrx_word' id='word_1_157' title='bbox 648 1911 732 1973; x_wconf 90' lang='lat' dir='ltr'><strong>omni</strong></span> <span class='ocrx_word' id='word_1_158' title='bbox 755 1923 844 1994; x_wconf 83' lang='lat' dir='ltr'><strong>parte</strong></span> <span class='ocrx_word' id='word_1_159' title='bbox 866 1911 1020 1974; x_wconf 84' lang='lat' dir='ltr'><strong>laudabili.</strong></span> <span class='ocrx_word' id='word_1_160' title='bbox 1044 1932 1146 1974; x_wconf 87' lang='lat' dir='ltr'><strong>severe</strong></span> <span class='ocrx_word' id='word_1_161' title='bbox 1169 1924 1201 1975; x_wconf 89' lang='lat' dir='ltr'><strong>at</strong></span> 
     </span>
     <span class='ocr_line' id='line_1_19' title="bbox 157 1991 1200 2060; baseline 0.004 -6"><span class='ocrx_word' id='word_1_162' title='bbox 157 1991 296 2058; x_wconf 82' lang='lat' dir='ltr'><strong>celeriter</strong></span> <span class='ocrx_word' id='word_1_163' title='bbox 325 1998 357 2059; x_wconf 88' lang='lat' dir='ltr'><strong>in</strong></span> <span class='ocrx_word' id='word_1_164' title='bbox 383 1998 516 2060; x_wconf 87' lang='lat' dir='ltr'><strong>maxime</strong></span> <span class='ocrx_word' id='word_1_165' title='bbox 541 1998 650 2060; x_wconf 82' lang='lat' dir='ltr'><strong>noxios</strong></span> <span class='ocrx_word' id='word_1_166' title='bbox 680 1999 941 2060; x_wconf 83' lang='lat' dir='ltr'><strong>animadversum:</strong></span> <span class='ocrx_word' id='word_1_167' title='bbox 967 1998 1131 2060; x_wconf 91' lang='lat' dir='ltr'><strong>multitudo</strong></span> <span class='ocrx_word' id='word_1_168' title='bbox 1156 1999 1200 2058; x_wconf 89' lang='lat' dir='ltr'><strong>ci·</strong></span> 
     </span>
     <span class='ocr_line' id='line_1_20' title="bbox 156 2080 1200 2167; baseline 0.005 -27"><span class='ocrx_word' id='word_1_169' title='bbox 156 2080 239 2142; x_wconf 88' lang='lat' dir='ltr'><strong>vium</strong></span> <span class='ocrx_word' id='word_1_170' title='bbox 255 2083 402 2166; x_wconf 86' lang='lat' dir='ltr'><strong>dissipata</strong></span> <span class='ocrx_word' id='word_1_171' title='bbox 415 2085 447 2145; x_wconf 92' lang='lat' dir='ltr'><strong>in</strong></span> <span class='ocrx_word' id='word_1_172' title='bbox 462 2083 576 2146; x_wconf 87' lang='lat' dir='ltr'><strong>nullam</strong></span> <span class='ocrx_word' id='word_1_173' title='bbox 591 2103 674 2167; x_wconf 88' lang='lat' dir='ltr'><strong>spem</strong></span> <span class='ocrx_word' id='word_1_174' title='bbox 692 2085 825 2146; x_wconf 77' lang='lat' dir='ltr'><strong>reditus:</strong></span> <span class='ocrx_word' id='word_1_175' title='bbox 849 2105 910 2146; x_wconf 91' lang='lat' dir='ltr'><strong>non</strong></span> <span class='ocrx_word' id='word_1_176' title='bbox 934 2085 1069 2146; x_wconf 72' lang='lat' dir='ltr'><strong>saevitum</strong></span> <span class='ocrx_word' id='word_1_177' title='bbox 1095 2084 1200 2146; x_wconf 88' lang='lat' dir='ltr'><strong>incen-</strong></span> 
     </span>
     <span class='ocr_line' id='line_1_21' title="bbox 158 2161 1200 2253; baseline 0.005 -26"><span class='ocrx_word' id='word_1_178' title='bbox 158 2161 216 2228; x_wconf 89' lang='lat' dir='ltr'><strong>diis</strong></span> <span class='ocrx_word' id='word_1_179' title='bbox 241 2169 393 2250; x_wconf 88' lang='lat' dir='ltr'><strong>ruinisque</strong></span> <span class='ocrx_word' id='word_1_180' title='bbox 416 2170 447 2232; x_wconf 93' lang='lat' dir='ltr'><strong>in</strong></span> <span class='ocrx_word' id='word_1_181' title='bbox 471 2181 555 2232; x_wconf 86' lang='lat' dir='ltr'><strong>tecta</strong></span> <span class='ocrx_word' id='word_1_182' title='bbox 579 2170 704 2231; x_wconf 88' lang='lat' dir='ltr'><strong>innoxia</strong></span> <span class='ocrx_word' id='word_1_183' title='bbox 728 2189 909 2253; x_wconf 84' lang='lat' dir='ltr'><strong>murosque:</strong></span> <span class='ocrx_word' id='word_1_184' title='bbox 937 2181 970 2232; x_wconf 89' lang='lat' dir='ltr'><strong>et</strong></span> <span class='ocrx_word' id='word_1_185' title='bbox 993 2190 1062 2230; x_wconf 92' lang='lat' dir='ltr'><strong>cum</strong></span> <span class='ocrx_word' id='word_1_186' title='bbox 1083 2171 1200 2232; x_wconf 91' lang='lat' dir='ltr'><strong>emolu·</strong></span> 
     </span>
     <span class='ocr_line' id='line_1_22' title="bbox 157 2255 1200 2338; baseline 0.005 -25"><span class='ocrx_word' id='word_1_187' title='bbox 157 2263 262 2316; x_wconf 89' lang='lat' dir='ltr'><strong>mento</strong></span> <span class='ocrx_word' id='word_1_188' title='bbox 285 2257 409 2337; x_wconf 72' lang='lat' dir='ltr'><strong>quesita</strong></span> <span class='ocrx_word' id='word_1_189' title='bbox 432 2257 524 2318; x_wconf 89' lang='lat' dir='ltr'><strong>etism</strong></span> <span class='ocrx_word' id='word_1_190' title='bbox 549 2255 630 2338; x_wconf 88' lang='lat' dir='ltr'><strong>apud</strong></span> <span class='ocrx_word' id='word_1_191' title='bbox 650 2255 748 2318; x_wconf 90' lang='lat' dir='ltr'><strong>socios</strong></span> <span class='ocrx_word' id='word_1_192' title='bbox 770 2257 904 2318; x_wconf 85' lang='lat' dir='ltr'><strong>lenitatis</strong></span> <span class='ocrx_word' id='word_1_193' title='bbox 926 2256 1091 2337; x_wconf 77' lang='lat' dir='ltr'><strong>⁷⁵speeies,</strong></span> <span class='ocrx_word' id='word_1_194' title='bbox 1114 2257 1200 2318; x_wconf 90' lang='lat' dir='ltr'><strong>ineo-</strong></span> 
     </span>
     <span class='ocr_line' id='line_1_23' title="bbox 158 2339 1200 2424; baseline 0.003 -25"><span class='ocrx_word' id='word_1_195' title='bbox 158 2339 297 2402; x_wconf 78' lang='lat' dir='ltr'><strong>lumitate</strong></span> <span class='ocrx_word' id='word_1_196' title='bbox 326 2343 406 2404; x_wconf 89' lang='lat' dir='ltr'><strong>urbis</strong></span> <span class='ocrx_word' id='word_1_197' title='bbox 434 2341 628 2404; x_wconf 78' lang='lat' dir='ltr'><strong>nobilissimae</strong></span> <span class='ocrx_word' id='word_1_198' title='bbox 655 2342 960 2424; x_wconf 70' lang='lat' dir='ltr'><strong>opulentissimaque,</strong></span> <span class='ocrx_word' id='word_1_199' title='bbox 990 2340 1075 2422; x_wconf 87' lang='lat' dir='ltr'><strong>cujus</strong></span> <span class='ocrx_word' id='word_1_200' title='bbox 1104 2342 1200 2403; x_wconf 91' lang='lat' dir='ltr'><strong>ruinis</strong></span> 
     </span>
     <span class='ocr_line' id='line_1_24' title="bbox 158 2425 1199 2511; baseline 0.002 -25"><span class='ocrx_word' id='word_1_201' title='bbox 158 2426 258 2488; x_wconf 92' lang='lat' dir='ltr'><strong>omnis</strong></span> <span class='ocrx_word' id='word_1_202' title='bbox 283 2425 461 2511; x_wconf 85' lang='lat' dir='ltr'><strong>Campania,</strong></span> <span class='ocrx_word' id='word_1_203' title='bbox 488 2448 602 2506; x_wconf 87' lang='lat' dir='ltr'><strong>omnes,</strong></span> <span class='ocrx_word' id='word_1_204' title='bbox 629 2429 679 2507; x_wconf 87' lang='lat' dir='ltr'><strong>qui</strong></span> <span class='ocrx_word' id='word_1_205' title='bbox 704 2427 905 2510; x_wconf 90' lang='lat' dir='ltr'><strong>Campaniam</strong></span> <span class='ocrx_word' id='word_1_206' title='bbox 935 2428 1024 2488; x_wconf 85' lang='lat' dir='ltr'><strong>circa·</strong></span> <span class='ocrx_word' id='word_1_207' title='bbox 1045 2426 1199 2505; x_wconf 80' lang='grc' dir='ltr'><strong>ιιιιοοιιιιιι,</strong></span> 
     </span>
     <span class='ocr_line' id='line_1_25' title="bbox 156 2512 1198 2599; baseline -0.001 -26"><span class='ocrx_word' id='word_1_208' title='bbox 156 2512 262 2594; x_wconf 91' lang='lat' dir='ltr'><strong>populi</strong></span> <span class='ocrx_word' id='word_1_209' title='bbox 288 2513 524 2596; x_wconf 80' lang='lat' dir='ltr'><strong>ingemuissent:</strong></span> <span class='ocrx_word' id='word_1_210' title='bbox 554 2514 705 2576; x_wconf 78' lang='lat' dir='ltr'><strong>consessio</strong></span> <span class='ocrx_word' id='word_1_211' title='bbox 732 2535 873 2599; x_wconf 88' lang='lat' dir='ltr'><strong>expressa</strong></span> <span class='ocrx_word' id='word_1_212' title='bbox 897 2514 990 2590; x_wconf 92' lang='lat' dir='ltr'><strong>hosti,</strong></span> <span class='ocrx_word' id='word_1_213' title='bbox 1015 2513 1198 2595; x_wconf 86' lang='lat' dir='ltr'><strong>quantavis</strong></span> 
     </span>
     <span class='ocr_line' id='line_1_26' title="bbox 156 2593 1199 2685; baseline 0.003 -26"><span class='ocrx_word' id='word_1_214' title='bbox 156 2593 188 2659; x_wconf 85' lang='lat' dir='ltr'><strong>in</strong></span> <span class='ocrx_word' id='word_1_215' title='bbox 215 2593 361 2663; x_wconf 84' lang='lat' dir='ltr'><strong>Romanis</strong></span> <span class='ocrx_word' id='word_1_216' title='bbox 381 2600 420 2663; x_wconf 91' lang='lat' dir='ltr'><strong>ad</strong></span> <span class='ocrx_word' id='word_1_217' title='bbox 446 2600 631 2685; x_wconf 87' lang='lat' dir='ltr'><strong>expetendas</strong></span> <span class='ocrx_word' id='word_1_218' title='bbox 654 2622 760 2685; x_wconf 88' lang='lat' dir='ltr'><strong>poenas</strong></span> <span class='ocrx_word' id='word_1_219' title='bbox 783 2603 822 2662; x_wconf 91' lang='lat' dir='ltr'><strong>ab</strong></span> <span class='ocrx_word' id='word_1_220' title='bbox 845 2600 1016 2662; x_wconf 83' lang='lat' dir='ltr'><strong>infidelibus</strong></span> <span class='ocrx_word' id='word_1_221' title='bbox 1041 2601 1142 2676; x_wconf 88' lang='lat' dir='ltr'><strong>sociis,</strong></span> <span class='ocrx_word' id='word_1_222' title='bbox 1166 2610 1199 2662; x_wconf 90' lang='lat' dir='ltr'><strong>et</strong></span> 
     </span>
     <span class='ocr_line' id='line_1_27' title="bbox 158 2685 1198 2769; baseline 0.001 -22"><span class='ocrx_word' id='word_1_223' title='bbox 158 2704 247 2767; x_wconf 90' lang='lat' dir='ltr'><strong>quarn</strong></span> <span class='ocrx_word' id='word_1_224' title='bbox 263 2688 338 2751; x_wconf 91' lang='lat' dir='ltr'><strong>nihil</strong></span> <span class='ocrx_word' id='word_1_225' title='bbox 355 2689 387 2751; x_wconf 90' lang='lat' dir='ltr'><strong>in</strong></span> <span class='ocrx_word' id='word_1_226' title='bbox 402 2686 574 2752; x_wconf 89' lang='lat' dir='ltr'><strong>Hannibale</strong></span> <span class='ocrx_word' id='word_1_227' title='bbox 596 2688 699 2750; x_wconf 88' lang='lat' dir='ltr'><strong>auxilii</strong></span> <span class='ocrx_word' id='word_1_228' title='bbox 719 2688 759 2749; x_wconf 88' lang='lat' dir='ltr'><strong>arl</strong></span> <span class='ocrx_word' id='word_1_229' title='bbox 783 2699 920 2769; x_wconf 86' lang='lat' dir='ltr'><strong>receptos</strong></span> <span class='ocrx_word' id='word_1_230' title='bbox 940 2687 972 2748; x_wconf 91' lang='lat' dir='ltr'><strong>in</strong></span> <span class='ocrx_word' id='word_1_231' title='bbox 993 2685 1084 2747; x_wconf 84' lang='lat' dir='ltr'><strong>fidem</strong></span> <span class='ocrx_word' id='word_1_232' title='bbox 1109 2697 1198 2749; x_wconf 90' lang='lat' dir='ltr'><strong>tuen·</strong></span> 
     </span>
     <span class='ocr_line' id='line_1_28' title="bbox 156 2772 316 2837; baseline 0.025 -5"><span class='ocrx_word' id='word_1_233' title='bbox 156 2772 213 2835; x_wconf 87' lang='lat' dir='ltr'><strong>dos</strong></span> <span class='ocrx_word' id='word_1_234' title='bbox 227 2786 316 2837; x_wconf 84' lang='lat' dir='ltr'><strong>esset.</strong></span> 
     </span>
    </p>

    <p class='ocr_par' dir='ltr' id='par_1_3' title="bbox 152 2856 1350 3808">
     <span class='ocr_line' id='line_1_29' title="bbox 199 2856 1197 2943; baseline 0.001 -24"><span class='ocrx_word' id='word_1_235' title='bbox 199 2856 301 2923; x_wconf 87' lang='lat' dir='ltr'>XVII.</span> <span class='ocrx_word' id='word_1_236' title='bbox 323 2860 454 2924; x_wconf 87' lang='lat' dir='ltr'><strong>Romani</strong></span> <span class='ocrx_word' id='word_1_237' title='bbox 479 2860 592 2939; x_wconf 87' lang='lat' dir='ltr'><strong>Patres,</strong></span> <span class='ocrx_word' id='word_1_238' title='bbox 617 2860 780 2943; x_wconf 82' lang='lat' dir='ltr'><strong>perfuncti,</strong></span> <span class='ocrx_word' id='word_1_239' title='bbox 803 2860 886 2942; x_wconf 91' lang='lat' dir='ltr'><strong>quod</strong></span> <span class='ocrx_word' id='word_1_240' title='bbox 910 2860 951 2920; x_wconf 89' lang='lat' dir='ltr'><strong>ad</strong></span> <span class='ocrx_word' id='word_1_241' title='bbox 979 2857 1116 2941; x_wconf 86' lang='lat' dir='ltr'><strong>Capuam</strong></span> <span class='ocrx_word' id='word_1_242' title='bbox 1140 2858 1197 2920; x_wconf 80' lang='lat' dir='ltr'><strong>ad·</strong></span> 
     </span>
     <span class='ocr_line' id='line_1_30' title="bbox 156 2938 1197 3027; baseline -0.001 -22"><span class='ocrx_word' id='word_1_243' title='bbox 156 2944 286 3023; x_wconf 82' lang='lat' dir='ltr'><strong>timebat,</strong></span> <span class='ocrx_word' id='word_1_244' title='bbox 301 2966 384 3027; x_wconf 86' lang='lat' dir='ltr'><strong>cura,</strong></span> <span class='ocrx_word' id='word_1_245' title='bbox 404 2950 431 2994; x_wconf 78' lang='lat'><strong>⁷⁸</strong></span> <span class='ocrx_word' id='word_1_246' title='bbox 442 2946 478 3011; x_wconf 88' lang='lat' dir='ltr'><strong>C.</strong></span> <span class='ocrx_word' id='word_1_247' title='bbox 492 2945 607 3008; x_wconf 90' lang='lat' dir='ltr'><strong>Neroni</strong></span> <span class='ocrx_word' id='word_1_248' title='bbox 628 2956 667 3008; x_wconf 76' lang='lat' dir='ltr'><strong>ers</strong></span> <span class='ocrx_word' id='word_1_249' title='bbox 681 2948 718 3008; x_wconf 91' lang='lat' dir='ltr'><strong>iis</strong></span> <span class='ocrx_word' id='word_1_250' title='bbox 732 2947 849 3008; x_wconf 91' lang='lat' dir='ltr'><strong>duabus</strong></span> <span class='ocrx_word' id='word_1_251' title='bbox 863 2938 1043 3026; x_wconf 71' lang='lat' dir='ltr'><strong>legionibus,</strong></span> <span class='ocrx_word' id='word_1_252' title='bbox 1066 2964 1142 3026; x_wconf 92' lang='lat' dir='ltr'><strong>quas</strong></span> <span class='ocrx_word' id='word_1_253' title='bbox 1157 2943 1197 3004; x_wconf 89' lang='lat' dir='ltr'><strong>ad</strong></span> 
     </span>
     <span class='ocr_line' id='line_1_31' title="bbox 157 3024 1197 3114; baseline 0 -25"><span class='ocrx_word' id='word_1_254' title='bbox 157 3024 296 3113; x_wconf 81' lang='lat' dir='ltr'><strong>Capuam</strong></span> <span class='ocrx_word' id='word_1_255' title='bbox 320 3033 477 3111; x_wconf 85' lang='lat' dir='ltr'><strong>habuerat,</strong></span> <span class='ocrx_word' id='word_1_256' title='bbox 503 3052 557 3095; x_wconf 87' lang='lat' dir='ltr'><strong>sex</strong></span> <span class='ocrx_word' id='word_1_257' title='bbox 576 3032 672 3093; x_wconf 86' lang='lat' dir='ltr'><strong>millia</strong></span> <span class='ocrx_word' id='word_1_258' title='bbox 691 3031 840 3114; x_wconf 88' lang='lat' dir='ltr'><strong>peditum,</strong></span> <span class='ocrx_word' id='word_1_259' title='bbox 855 3042 888 3093; x_wconf 83' lang='lat' dir='ltr'><strong>st</strong></span> <span class='ocrx_word' id='word_1_260' title='bbox 903 3040 1055 3092; x_wconf 84' lang='lat' dir='ltr'><strong>trecentos</strong></span> <span class='ocrx_word' id='word_1_261' title='bbox 1070 3029 1197 3109; x_wconf 88' lang='lat' dir='ltr'><strong>equites,</strong></span> 
     </span>
     <span class='ocr_line' id='line_1_32' title="bbox 156 3114 1197 3213; baseline -0.002 -36"><span class='ocrx_word' id='word_1_262' title='bbox 156 3136 232 3213; x_wconf 88' lang='lat' dir='ltr'><strong>quos</strong></span> <span class='ocrx_word' id='word_1_263' title='bbox 247 3116 312 3201; x_wconf 88' lang='lat' dir='ltr'><strong>ipse</strong></span> <span class='ocrx_word' id='word_1_264' title='bbox 326 3118 459 3201; x_wconf 84' lang='lat' dir='ltr'><strong>legisset,</strong></span> <span class='ocrx_word' id='word_1_265' title='bbox 479 3130 512 3181; x_wconf 87' lang='lat' dir='ltr'><strong>et</strong></span> <span class='ocrx_word' id='word_1_266' title='bbox 532 3116 650 3179; x_wconf 80' lang='lat' dir='ltr'><strong>socitlm</strong></span> <span class='ocrx_word' id='word_1_267' title='bbox 672 3114 775 3178; x_wconf 82' lang='lat' dir='ltr'><strong>Latini</strong></span> <span class='ocrx_word' id='word_1_268' title='bbox 790 3116 922 3177; x_wconf 92' lang='lat' dir='ltr'><strong>nominis</strong></span> <span class='ocrx_word' id='word_1_269' title='bbox 936 3115 1074 3198; x_wconf 88' lang='lat' dir='ltr'><strong>pediturn</strong></span> <span class='ocrx_word' id='word_1_270' title='bbox 1089 3134 1197 3175; x_wconf 90' lang='lat' dir='ltr'><strong>nume-</strong></span> 
     </span>
     <span class='ocr_line' id='line_1_33' title="bbox 156 3199 1196 3287; baseline -0.005 -23"><span class='ocrx_word' id='word_1_271' title='bbox 156 3222 352 3287; x_wconf 69' lang='lat' dir='ltr'><strong>rumpentem,</strong></span> <span class='ocrx_word' id='word_1_272' title='bbox 375 3215 407 3267; x_wconf 93' lang='lat' dir='ltr'><strong>et</strong></span> <span class='ocrx_word' id='word_1_273' title='bbox 425 3204 618 3285; x_wconf 81' lang='lat' dir='ltr'><strong>octingentos</strong></span> <span class='ocrx_word' id='word_1_274' title='bbox 643 3203 758 3284; x_wconf 81' lang='lat' dir='ltr'><strong>equites</strong></span> <span class='ocrx_word' id='word_1_275' title='bbox 785 3202 961 3263; x_wconf 84' lang='lat' dir='ltr'><strong>decernunt.</strong></span> <span class='ocrx_word' id='word_1_276' title='bbox 986 3221 1056 3262; x_wconf 90' lang='lat' dir='ltr'><strong>eum</strong></span> <span class='ocrx_word' id='word_1_277' title='bbox 1080 3199 1196 3262; x_wconf 87' lang='lat' dir='ltr'><strong>exerci-</strong></span> 
     </span>
     <span class='ocr_line' id='line_1_34' title="bbox 155 3285 1336 3372; baseline -0.009 -21"><span class='ocrx_word' id='word_1_278' title='bbox 155 3300 222 3351; x_wconf 90' lang='lat' dir='ltr'><strong>tum</strong></span> <span class='ocrx_word' id='word_1_279' title='bbox 245 3288 378 3353; x_wconf 85' lang='lat' dir='ltr'><strong>Puteolis</strong></span> <span class='ocrx_word' id='word_1_280' title='bbox 393 3290 424 3352; x_wconf 92' lang='lat' dir='ltr'><strong>in</strong></span> <span class='ocrx_word' id='word_1_281' title='bbox 448 3310 539 3352; x_wconf 87' lang='lat' dir='ltr'><strong>naves</strong></span> <span class='ocrx_word' id='word_1_282' title='bbox 560 3289 725 3371; x_wconf 89' lang='lat' dir='ltr'><strong>inpositurn</strong></span> <span class='ocrx_word' id='word_1_283' title='bbox 744 3286 829 3349; x_wconf 91' lang='lat' dir='ltr'><strong>Nero</strong></span> <span class='ocrx_word' id='word_1_284' title='bbox 846 3287 878 3349; x_wconf 91' lang='lat' dir='ltr'><strong>in</strong></span> <span class='ocrx_word' id='word_1_285' title='bbox 897 3285 1078 3369; x_wconf 87' lang='lat' dir='ltr'><strong>Hispaniam</strong></span> <span class='ocrx_word' id='word_1_286' title='bbox 1096 3292 1336 3372; x_wconf 64' lang='lat' dir='ltr'><strong>trans-Neruam</strong></span> 
     </span>
     <span class='ocr_line' id='line_1_35' title="bbox 154 3358 1350 3456; baseline -0.007 -17"><span class='ocrx_word' id='word_1_287' title='bbox 154 3376 297 3456; x_wconf 86' lang='lat' dir='ltr'><strong>portavit.</strong></span> <span class='ocrx_word' id='word_1_288' title='bbox 341 3376 443 3448; x_wconf 87' lang='lat' dir='ltr'><strong>Quum</strong></span> <span class='ocrx_word' id='word_1_289' title='bbox 463 3376 668 3439; x_wconf 83' lang='lat' dir='ltr'><strong>Tarraconem</strong></span> <span class='ocrx_word' id='word_1_290' title='bbox 689 3375 815 3436; x_wconf 87' lang='lat' dir='ltr'><strong>navibus</strong></span> <span class='ocrx_word' id='word_1_291' title='bbox 837 3373 978 3451; x_wconf 89' lang='lat' dir='ltr'><strong>venisset,</strong></span> <span class='ocrx_word' id='word_1_292' title='bbox 992 3358 1350 3455; x_wconf 57' lang='lat' dir='ltr'><strong>expositisqueflwffl</strong></span> 
     </span>
     <span class='ocr_line' id='line_1_36' title="bbox 155 3458 1195 3546; baseline -0.002 -24"><span class='ocrx_word' id='word_1_293' title='bbox 155 3462 196 3523; x_wconf 88' lang='lat' dir='ltr'><strong>ibi</strong></span> <span class='ocrx_word' id='word_1_294' title='bbox 212 3463 319 3546; x_wconf 90' lang='lat' dir='ltr'><strong>copiis,</strong></span> <span class='ocrx_word' id='word_1_295' title='bbox 334 3475 366 3525; x_wconf 90' lang='lat' dir='ltr'><strong>et</strong></span> <span class='ocrx_word' id='word_1_296' title='bbox 381 3462 506 3525; x_wconf 80' lang='lat' dir='ltr'><strong>navibus</strong></span> <span class='ocrx_word' id='word_1_297' title='bbox 526 3462 693 3538; x_wconf 88' lang='lat' dir='ltr'><strong>subductis,</strong></span> <span class='ocrx_word' id='word_1_298' title='bbox 712 3461 812 3521; x_wconf 88' lang='lat' dir='ltr'><strong>socios</strong></span> <span class='ocrx_word' id='word_1_299' title='bbox 833 3480 952 3541; x_wconf 89' lang='lat' dir='ltr'><strong>quoque</strong></span> <span class='ocrx_word' id='word_1_300' title='bbox 971 3459 1100 3521; x_wconf 83' lang='lat' dir='ltr'><strong>navales</strong></span> <span class='ocrx_word' id='word_1_301' title='bbox 1116 3458 1195 3519; x_wconf 92' lang='lat' dir='ltr'><strong>mul-</strong></span> 
     </span>
     <span class='ocr_line' id='line_1_37' title="bbox 154 3544 1196 3631; baseline -0.006 -20"><span class='ocrx_word' id='word_1_302' title='bbox 154 3546 293 3611; x_wconf 89' lang='lat' dir='ltr'><strong>titudinis</strong></span> <span class='ocrx_word' id='word_1_303' title='bbox 322 3549 468 3631; x_wconf 75' lang='lat' dir='ltr'><strong>augenda</strong></span> <span class='ocrx_word' id='word_1_304' title='bbox 497 3570 603 3611; x_wconf 85' lang='lat' dir='ltr'><strong>caussa</strong></span> <span class='ocrx_word' id='word_1_305' title='bbox 632 3558 795 3623; x_wconf 62' lang='lat' dir='ltr'><strong>armassem</strong></span> <span class='ocrx_word' id='word_1_306' title='bbox 824 3545 977 3630; x_wconf 86' lang='lat' dir='ltr'><strong>profectus</strong></span> <span class='ocrx_word' id='word_1_307' title='bbox 1006 3546 1046 3607; x_wconf 89' lang='lat' dir='ltr'><strong>ad</strong></span> <span class='ocrx_word' id='word_1_308' title='bbox 1075 3544 1196 3606; x_wconf 88' lang='lat' dir='ltr'><strong>Iberum</strong></span> 
     </span>
     <span class='ocr_line' id='line_1_38' title="bbox 153 3628 1196 3716; baseline -0.002 -21"><span class='ocrx_word' id='word_1_309' title='bbox 153 3634 276 3716; x_wconf 79' lang='lat' dir='ltr'><strong>flumen,</strong></span> <span class='ocrx_word' id='word_1_310' title='bbox 290 3636 458 3699; x_wconf 84' lang='lat' dir='ltr'><strong>exercitum</strong></span> <span class='ocrx_word' id='word_1_311' title='bbox 479 3637 518 3713; x_wconf 90' lang='lat' dir='ltr'><strong>sb</strong></span> <span class='ocrx_word' id='word_1_312' title='bbox 538 3633 575 3698; x_wconf 83' lang='grc' dir='ltr'><strong>Τ.</strong></span> <span class='ocrx_word' id='word_1_313' title='bbox 587 3628 719 3695; x_wconf 84' lang='lat' dir='ltr'><strong>¹Fonteio</strong></span> <span class='ocrx_word' id='word_1_314' title='bbox 734 3648 767 3695; x_wconf 87' lang='lat' dir='ltr'><strong>et</strong></span> <span class='ocrx_word' id='word_1_315' title='bbox 786 3630 821 3695; x_wconf 78' lang='lat' dir='ltr'><strong>b.</strong></span> <span class='ocrx_word' id='word_1_316' title='bbox 837 3630 959 3693; x_wconf 83' lang='lat' dir='ltr'><strong>Marcio</strong></span> <span class='ocrx_word' id='word_1_317' title='bbox 973 3632 1104 3714; x_wconf 89' lang='lat' dir='ltr'><strong>accepit.</strong></span> <span class='ocrx_word' id='word_1_318' title='bbox 1125 3630 1196 3693; x_wconf 88' lang='lat' dir='ltr'><strong>inde</strong></span> 
     </span>
     <span class='ocr_line' id='line_1_39' title="bbox 152 3714 1337 3808; baseline -0.005 -24"><span class='ocrx_word' id='word_1_319' title='bbox 152 3722 253 3808; x_wconf 78' lang='lat' dir='ltr'><strong>pergit</strong></span> <span class='ocrx_word' id='word_1_320' title='bbox 282 3722 333 3789; x_wconf 83' lang='lat' dir='ltr'><strong>ad·</strong></span> <span class='ocrx_word' id='word_1_321' title='bbox 350 3723 453 3789; x_wconf 85' lang='lat' dir='ltr'><strong>hostes</strong></span> <span class='ocrx_word' id='word_1_322' title='bbox 482 3722 535 3786; x_wconf 86' lang='lat' dir='ltr'><strong>ir&#39;e.</strong></span> <span class='ocrx_word' id='word_1_323' title='bbox 579 3718 752 3785; x_wconf 86' lang='lat' dir='ltr'><strong>Hasdrubal</strong></span> <span class='ocrx_word' id='word_1_324' title='bbox 780 3717 963 3805; x_wconf 84' lang='lat' dir='ltr'><strong>Hamilcaris</strong></span> <span class='ocrx_word' id='word_1_325' title='bbox 993 3716 1034 3781; x_wconf 90' lang='lat' dir='ltr'><strong>ad</strong></span> <span class='ocrx_word' id='word_1_326' title='bbox 1063 3714 1337 3801; x_wconf 59' lang='lat' dir='ltr'><strong>Lepidam-¹</strong></span> 
     </span>
    </p>
   </div>
   <div class='ocr_carea' id='block_1_3' title="bbox 1205 3798 1349 3928">
    <p class='ocr_par' dir='ltr' id='par_1_4' title="bbox 1205 3798 1349 3928">
     <span class='ocr_line' id='line_1_40' title="bbox 1205 3798 1349 3833; baseline -0.049 0"><span class='ocrx_word' id='word_1_327' title='bbox 1205 3798 1349 3833; x_wconf 77' lang='lat' dir='ltr'><strong>oreumren.</strong></span> 
     </span>
     <span class='ocr_line' id='line_1_41' title="bbox 1205 3849 1333 3928; baseline -0.008 -30"><span class='ocrx_word' id='word_1_328' title='bbox 1205 3861 1244 3898; x_wconf 79' lang='lat' dir='ltr'><strong>tau</strong></span> <span class='ocrx_word' id='word_1_329' title='bbox 1252 3849 1333 3928; x_wconf 61' lang='lat' dir='ltr'><strong>{reuda</strong></span> 
     </span>
    </p>
   </div>
   <div class='ocr_carea' id='block_1_4' title="bbox 147 3914 1312 4548">
    <p class='ocr_par' dir='ltr' id='par_1_5' title="bbox 147 3914 1312 4106">
     <span class='ocr_line' id='line_1_42' title="bbox 154 3914 1312 4033; baseline -0.01 -10"><span class='ocrx_word' id='word_1_330' title='bbox 154 3920 168 3938; x_wconf 27' lang='grc' dir='ltr'><strong>ἰ</strong></span> <span class='ocrx_word' id='word_1_331' title='bbox 181 3935 657 4033; x_wconf 63' lang='lat' dir='ltr'><strong>sumebamus-pm</strong></span> <span class='ocrx_word' id='word_1_332' title='bbox 720 3965 870 4029; x_wconf 57' lang='lat' dir='ltr'><strong>vuemo]</strong></span> <span class='ocrx_word' id='word_1_333' title='bbox 904 3966 987 4016; x_wconf 65' lang='lat' dir='ltr'><strong>outa</strong></span> <span class='ocrx_word' id='word_1_334' title='bbox 1011 3966 1094 4015; x_wconf 67' lang='lat' dir='ltr'><strong>suase</strong></span> <span class='ocrx_word' id='word_1_335' title='bbox 1121 3914 1312 4015; x_wconf 52' lang='lat' dir='ltr'><strong>menaea.</strong></span> 
     </span>
     <span class='ocr_line' id='line_1_43' title="bbox 147 4030 1195 4106; baseline -0.01 -15"><span class='ocrx_word' id='word_1_336' title='bbox 147 4037 293 4102; x_wconf 61' lang='lat' dir='ltr'><strong>mbas]</strong></span> <span class='ocrx_word' id='word_1_337' title='bbox 315 4037 369 4089; x_wconf 75' lang='lat' dir='ltr'><strong>VH.</strong></span> <span class='ocrx_word' id='word_1_338' title='bbox 390 4048 441 4088; x_wconf 85' lang='lat' dir='ltr'><strong>not.</strong></span> <span class='ocrx_word' id='word_1_339' title='bbox 463 4038 503 4087; x_wconf 80' lang='lat'><strong>81.</strong></span> <span class='ocrx_word' id='word_1_340' title='bbox 524 4037 552 4084; x_wconf 85' lang='lat' dir='ltr'><strong>sd</strong></span> <span class='ocrx_word' id='word_1_341' title='bbox 572 4052 594 4085; x_wconf 86' lang='lat' dir='ltr'><strong>s.</strong></span> <span class='ocrx_word' id='word_1_342' title='bbox 614 4038 656 4085; x_wconf 79' lang='grc'><strong>34.</strong></span> <span class='ocrx_word' id='word_1_343' title='bbox 688 4034 836 4083; x_wconf 73' lang='lat' dir='ltr'><strong>emersimus.</strong></span> <span class='ocrx_word' id='word_1_344' title='bbox 867 4030 952 4106; x_wconf 54' lang='lat' dir='ltr'><strong>Specto</strong></span> <span class='ocrx_word' id='word_1_345' title='bbox 967 4046 1028 4095; x_wconf 76' lang='lat' dir='ltr'><strong>saepe</strong></span> <span class='ocrx_word' id='word_1_346' title='bbox 1044 4032 1143 4079; x_wconf 80' lang='lat' dir='ltr'><strong>sumitur</strong></span> <span class='ocrx_word' id='word_1_347' title='bbox 1152 4046 1195 4093; x_wconf 89' lang='lat' dir='ltr'><strong>pro</strong></span> 
     </span>
    </p>

    <p class='ocr_par' dir='ltr' id='par_1_6' title="bbox 150 4094 1193 4165">
     <span class='ocr_line' id='line_1_44' title="bbox 150 4094 1193 4165; baseline -0.007 -13"><span class='ocrx_word' id='word_1_348' title='bbox 150 4108 217 4158; x_wconf 67' lang='lat' dir='ltr'><strong>hm.</strong></span> <span class='ocrx_word' id='word_1_349' title='bbox 686 4097 1047 4165; x_wconf 71' lang='lat' dir='ltr'><strong>splendore‚deeore,bgnltm.</strong></span> <span class='ocrx_word' id='word_1_350' title='bbox 1077 4095 1117 4143; x_wconf 77' lang='lat' dir='ltr'><strong>Sic</strong></span> <span class='ocrx_word' id='word_1_351' title='bbox 1133 4094 1193 4145; x_wconf 79' lang='lat' dir='ltr'><strong>lassa</strong></span> 
     </span>
    </p>

    <p class='ocr_par' dir='ltr' id='par_1_7' title="bbox 154 4161 1193 4233">
     <span class='ocr_line' id='line_1_45' title="bbox 154 4161 1193 4233; baseline -0.012 -16"><span class='ocrx_word' id='word_1_352' title='bbox 154 4190 159 4199; x_wconf 94' lang='lat'>·</span> <span class='ocrx_word' id='word_1_353' title='bbox 181 4166 348 4233; x_wconf 61' lang='lat' dir='ltr'><strong>nieuw]</strong></span> <span class='ocrx_word' id='word_1_354' title='bbox 365 4166 656 4231; x_wconf 74' lang='lat' dir='ltr'><strong>Romaqucspmmss</strong></span> <span class='ocrx_word' id='word_1_355' title='bbox 688 4174 775 4211; x_wconf 76' lang='lat' dir='ltr'><strong>saxu.</strong></span> <span class='ocrx_word' id='word_1_356' title='bbox 794 4162 836 4212; x_wconf 80' lang='grc'><strong>36.</strong></span> <span class='ocrx_word' id='word_1_357' title='bbox 854 4170 882 4210; x_wconf 78' lang='lat' dir='ltr'><strong>st</strong></span> <span class='ocrx_word' id='word_1_358' title='bbox 901 4161 990 4223; x_wconf 76' lang='lat' dir='ltr'><strong>paciens</strong></span> <span class='ocrx_word' id='word_1_359' title='bbox 1009 4161 1114 4224; x_wconf 74' lang='lat' dir='ltr'><strong>legatione·</strong></span> <span class='ocrx_word' id='word_1_360' title='bbox 1133 4161 1193 4221; x_wconf 75' lang='lat' dir='ltr'><strong>adji-</strong></span> 
     </span>
    </p>

    <p class='ocr_par' dir='ltr' id='par_1_8' title="bbox 151 4230 986 4303">
     <span class='ocr_line' id='line_1_46' title="bbox 151 4230 986 4303; baseline -0.019 -19"><span class='ocrx_word' id='word_1_361' title='bbox 151 4236 195 4284; x_wconf 83' lang='grc' dir='ltr'><strong>ιιιι</strong></span> <span class='ocrx_word' id='word_1_362' title='bbox 208 4234 283 4297; x_wconf 78' lang='lat' dir='ltr'><strong>aliqua</strong></span> <span class='ocrx_word' id='word_1_363' title='bbox 297 4234 354 4282; x_wconf 89' lang='lat' dir='ltr'><strong>urbs</strong></span> <span class='ocrx_word' id='word_1_364' title='bbox 370 4234 407 4282; x_wconf 83' lang='lat' dir='ltr'><strong>rel</strong></span> <span class='ocrx_word' id='word_1_365' title='bbox 420 4234 512 4295; x_wconf 56' lang='lat' dir='ltr'><strong>amisse</strong></span> <span class='ocrx_word' id='word_1_366' title='bbox 530 4230 656 4290; x_wconf 69' lang='lat' dir='ltr'><strong>immigras-</strong></span> <span class='ocrx_word' id='word_1_367' title='bbox 686 4235 750 4274; x_wconf 79' lang='lat' dir='ltr'><strong>cerat.</strong></span> <span class='ocrx_word' id='word_1_368' title='bbox 936 4290 942 4303; x_wconf 32' lang='grc' dir='ltr'><strong><em>ι</em></strong></span> <span class='ocrx_word' id='word_1_369' title='bbox 978 4288 986 4301; x_wconf 40' lang='lat'><em>⁰</em></span> 
     </span>
    </p>

    <p class='ocr_par' dir='ltr' id='par_1_9' title="bbox 149 4288 1194 4548">
     <span class='ocr_line' id='line_1_47' title="bbox 151 4288 1194 4412; baseline -0.01 -2"><span class='ocrx_word' id='word_1_370' title='bbox 151 4310 213 4373; x_wconf 64' lang='lat' dir='ltr'><strong>u</strong></span> <span class='ocrx_word' id='word_1_371' title='bbox 232 4295 588 4361; x_wconf 62' lang='lat' dir='ltr'><strong>ru</strong></span> <span class='ocrx_word' id='word_1_372' title='bbox 608 4306 656 4342; x_wconf 63' lang='lat' dir='ltr'><strong>n</strong></span> <span class='ocrx_word' id='word_1_373' title='bbox 687 4288 1194 4412; x_wconf 69' lang='grc' dir='ltr'><strong>ιιιιιιιιιι</strong></span> 
     </span>
     <span class='ocr_line' id='line_1_48' title="bbox 149 4374 1121 4548; baseline -0.01 -69"><span class='ocrx_word' id='word_1_374' title='bbox 149 4374 445 4548; x_wconf 49' lang='grc' dir='ltr'><strong>ιᾝκζόιιιῃιαιῆιω</strong></span> <span class='ocrx_word' id='word_1_375' title='bbox 460 4376 654 4493; x_wconf 59' lang='lat' dir='ltr'><strong>reddranJVld.</strong></span> <span class='ocrx_word' id='word_1_376' title='bbox 686 4390 984 4503; x_wconf 54' lang='lat' dir='ltr'><strong>not.⁸2ti.adc.5.supm.</strong></span> <span class='ocrx_word' id='word_1_377' title='bbox 1101 4389 1121 4410; x_wconf 32' lang='lat'><strong>¹·</strong></span> 
     </span>
    </p>

    <p class='ocr_par' dir='ltr' id='par_1_10' title="bbox 180 4507 956 4548">
     <span class='ocr_line' id='line_1_49' title="bbox 180 4507 956 4548; baseline -0.014 -2"><span class='ocrx_word' id='word_1_378' title='bbox 180 4507 218 4546; x_wconf 53' lang='grc' dir='ltr'><strong>Ιχ·</strong></span> <span class='ocrx_word' id='word_1_379' title='bbox 227 4508 250 4548; x_wconf 65' lang='lat' dir='ltr'><strong>c!</strong></span> <span class='ocrx_word' id='word_1_380' title='bbox 293 4526 300 4543; x_wconf 74' lang='grc'>1</span> <span class='ocrx_word' id='word_1_381' title='bbox 472 4526 495 4537; x_wconf 83' lang='grc'><strong>·’</strong></span> <span class='ocrx_word' id='word_1_382' title='bbox 723 4520 729 4527; x_wconf 91' lang='grc'><strong>’</strong></span> <span class='ocrx_word' id='word_1_383' title='bbox 952 4523 956 4531; x_wconf 74' lang='grc' dir='ltr'><strong>ι</strong></span> 
     </span>
    </p>
   </div>
   <div class='ocr_carea' id='block_1_5' title="bbox 0 0 1550 5200">
    <p class='ocr_par' dir='ltr' id='par_1_11' title="bbox 0 0 1550 5200">
     <span class='ocr_line' id='line_1_50' title="bbox 0 0 1550 5200; baseline 0 2"><span class='ocrx_word' id='word_1_384' title='bbox 0 0 1550 5200; x_wconf 95' lang='lat' dir='ltr'><strong> </strong></span> 
     </span>
    </p>
   </div>
  </div>
 </body>
</html>
