3092 5200
326 373 367 436 γε
755 361 841 422 arn
861 360 961 420 mvn

161 539 301 592 memte.
329 535 390 598 que
414 517 563 581 sustinere
585 537 618 578 se
640 515 786 599 prolapsi,
811 533 911 600 neque
937 514 1098 596 adsurgere
1119 533 1159 576 ex
1179 513 1373 597 voraginibus

161 605 234 670 W·
243 603 301 654 ²¹⁷·
329 615 493 686 poterant3
509 607 537 644 ²³
550 613 603 665 aut
616 623 746 686 corpora
755 602 876 679 animis,
888 612 942 666 aut
955 603 1074 663 animm
1089 622 1145 683 spe
1159 602 1351 664 sustinebant
1362 623 1390 664 z.

329 691 381 753 alii
396 691 477 754 sessa
496 711 574 772 segre
596 691 753 751 trahentes
768 689 925 766 membra3
948 688 1011 767 alii,
1033 687 1086 748 ubi
1107 689 1202 750 semel
1215 687 1304 750 uictis
1318 699 1373 750 tae·

331 777 383 840 dio
405 777 514 840 animis
540 775 781 858 procubuissent,
807 775 887 837 inter
908 773 1059 855 jumenta,
1085 775 1210 856 etipsa
1233 774 1374 856 jacentia

330 865 455 946 passim,
477 863 649 926 morientes.
671 863 864 942 maximeque
886 861 1022 922 omnium
1035 860 1144 941 vigilie
1158 860 1373 939 conficiebant,

330 970 385 1032 per
400 950 592 1032 quatriduum
612 946 680 1028 jam
694 959 727 1010 et
741 958 804 1010 tres
819 959 926 1009 noctes
940 946 1087 1010 toleratae.
1130 946 1245 1027 Quum,
1267 947 1373 1009 omnia

330 1037 537 1098 obtinentibus
552 1035 650 1115 equis,
673 1032 759 1112 nihil,
783 1035 834 1095 ubi
858 1033 994 1095 insieco
1016 1031 1097 1094 fessa
1118 1045 1287 1096 sternerent
1301 1055 1372 1096 cor·

329 1143 416 1204 pora,
430 1121 556 1184 inveniri
571 1132 686 1204 posset‚·
710 1120 873 1182 cumulatis
893 1119 925 1181 in
941 1139 1035 1201 aquas
1049 1119 1174 1182 sarcinis
1188 1120 1311 1202 insuper
1324 1120 1373 1183 in-

330 1209 524 1271 cumbebant.
545 1206 754 1288 jumentorum
785 1206 893 1269 itinere
917 1216 986 1270 toto
1011 1216 1231 1289 prostratomm
1256 1207 1372 1289 passim

330 1295 429 1356 acerui
444 1306 575 1373 tantum,
596 1294 679 1375 quod
693 1304 829 1355 exstaret
842 1313 931 1374 aqua,
957 1292 1158 1373 querentibus
1174 1293 1214 1354 ad
1236 1293 1371 1374 quietem

237 1388 242 1401 '
328 1381 413 1464 parui
439 1381 584 1464 temporis
604 1381 810 1443 necessarium
829 1379 929 1441 cubile
951 1379 1075 1440 dabant.
1119 1376 1187 1461 lpse
1203 1377 1372 1460 Hannibal,

200 1519 206 1532 .
229 1519 235 1531 .
329 1468 519 1550 aegerocruis
533 1487 572 1528 ex
585 1487 679 1528 verna
693 1467 824 1549 primum
838 1465 1017 1548 intemperie
1030 1464 1167 1526 variante
1182 1466 1298 1528 calores
1309 1466 1372 1528 tn·-

258 1561 262 1572 ‘
329 1575 474 1636 goraque,
501 1553 674 1636 elephanto,
700 1553 751 1634 qui
766 1573 843 1614 unns
864 1550 1062 1634 superfuerat,
1079 1549 1206 1632 ”quot
1224 1553 1315 1614 ultius
1330 1553 1370 1616 ab

330 1661 410 1722 aqua
424 1651 569 1717 exstaret,
590 1651 714 1717 vectus3
741 1638 851 1721 vigiliis
873 1638 999 1700 tandem
1019 1649 1051 1700 et
1073 1651 1222 1702 nocturno
1242 1639 1371 1701 humore

328 1727 513 1810 palustrique
529 1726 607 1788 coelo
622 1717 768 1807 grauante
790 1735 894 1806 caput,
916 1734 949 1786 et
969 1723 1042 1805 quia
1055 1724 1198 1788 medendi
1213 1747 1269 1788 nec
1284 1726 1371 1790 locus

327 1833 385 1876 nec
401 1824 521 1896 tempus
535 1825 612 1890 erat,
623 1811 722 1892 altero
735 1811 827 1872 oculo
841 1811 971 1894 capitur.

361 1897 428 1961 lll.
450 1897 560 1962 Multis
582 1898 756 1960 hominibus
781 1897 989 1979 jumentisque
1015 1897 1096 1960 foede
1121 1899 1248 1978 amissis,
1274 1921 1370 1982 quum

328 1986 454 2048 tandem
471 1987 509 2048 de
524 1984 683 2068 paludibus
699 1984 880 2061 emersisset,
902 1984 954 2045 ubi
970 1984 1102 2066 primum
1115 1984 1146 2046 in
1160 1986 1242 2048 sicco
1256 1989 1372 2069 potuit,
1386 1977 1392 1989 ’

328 2083 430 2136 castra
444 2073 545 2132 locat:
570 2083 746 2152 certumque
764 2091 819 2152 per
833 2070 1001 2153 praemissos
1023 2069 1228 2154 exploratores
1250 2074 1372 2154 habuit,

329 2159 497 2220 exercitum
513 2155 686 2238 Romanum
701 2156 784 2218 circa
796 2156 909 2219 Arretii
935 2158 1048 2219 moenia
1066 2179 1142 2220 esse.
1167 2159 1299 2222 consulis
1313 2160 1371 2223 de-

329 2243 400 2305 inde
415 2243 541 2307 consilia
557 2253 647 2328 atque
663 2243 809 2322 animum,
832 2255 865 2307 et
888 2244 979 2306 situm
994 2244 1164 2325 regionum,
1190 2245 1372 2328 itineraque,
1385 2265 1390 2272 ·

328 2332 357 2370 ²⁸
366 2338 398 2391 et
411 2329 517 2413 copias
532 2329 573 2391 ad
588 2343 778 2392 commeatus
792 2329 1012 2413 expediendos,
1035 2340 1068 2392 et
1081 2342 1194 2410 cetera,
1215 2352 1280 2414 que
1294 2353 1370 2416 cog·
1414 2372 1418 2379 ·

328 2435 418 2478 nosse
434 2417 466 2478 in
480 2437 544 2478 rem
559 2428 634 2495 erat,
656 2437 776 2478 summa
789 2417 894 2495 omnia
907 2437 977 2479 cum
1000 2437 1073 2479 cura
1086 2417 1268 2500 inquirendo
1281 2439 1371 2482 exse-

329 2503 487 2584 quebatur.
531 2501 628 2586 Regio
639 2515 708 2570 'erat
723 2504 754 2564 in
766 2503 871 2586 primis
883 2501 978 2566 ltaliae
992 2504 1110 2582 fertilis,
1125 2503 1246 2566 Etrusci
1257 2505 1371 2589 campi,
1388 2524 1390 2528 ’

330 2590 381 2671 qui
408 2587 537 2653 Faesulas
564 2589 642 2653 inter
665 2589 879 2673 Arretiumque
906 2587 1022 2672 jacent,
1047 2589 1189 2653 frumenti
1213 2613 1249 2655 ac
1273 2612 1370 2675 peco-

162 2688 268 2741 mnatntt
329 2676 370 2738 ris
385 2688 417 2739 et
431 2677 567 2739 omnium
582 2676 672 2760 copia
693 2698 793 2740 rerum
808 2677 957 2760 opulenti.
999 2676 1114 2739 Consul
1136 2678 1222 2741 ferox
1242 2680 1281 2742 ab
1293 2699 1371 2741 cou-

162 2754 429 2827 colemanno
443 2764 553 2846 priore,
579 2775 617 2826 et
633 2766 732 2826 ”non
753 2765 848 2826 modo
869 2764 971 2845 legum
994 2785 1030 2826 ac
1046 2762 1169 2827 Petrum
1191 2764 1373 2848 majestatis,

329 2850 383 2911 sed
398 2871 436 2911 ne
450 2850 586 2913 Deorum
601 2849 725 2931 quidem
747 2851 821 2913 satis
846 2862 995 2913 metuens.
1038 2848 1130 2913 Hanc
1145 2852 1269 2914 insitam
1282 2852 1370 2934 inge-

327 2935 381 2999 nio
405 2934 469 3019 ejus
493 2936 697 2999 temeritatem
719 2936 843 3005 fortuna
864 2957 1010 3019 prospero
1035 2937 1172 3001 civilibus
1193 2938 1369 3019 bellicisque

327 3022 416 3085 rebus
440 3043 581 3085 successu
606 3023 733 3086 aluerat.
777 3021 884 3107 ltaque
909 3024 984 3085 satis
1010 3024 1187 3106 adparebat,
1212 3046 1271 3087 nec
1285 3024 1369 3087 Deos

325 3128 382 3170 nec
406 3109 545 3172 homines
571 3110 792 3189 consulentem,
820 3109 962 3172 ferociter
990 3110 1095 3172 omnia
1116 3130 1154 3172 ac
1177 3130 1368 3195 praepropere

323 3206 472 3259 acturum.
495 3216 616 3279 quoque
630 3197 755 3280 pronior
769 3208 849 3259 esset
870 3196 902 3258 in
915 3196 990 3259 vitia
1008 3218 1074 3275 sua,
1097 3198 1214 3278 agitare
1231 3219 1299 3261 eum
1315 3210 1367 3261 at·
1386 3244 1391 3254 .

322 3302 381 3363 que
404 3282 522 3346 irritare
549 3282 657 3347 Poenus
681 3295 792 3367 parat:
819 3296 862 3362 et,
888 3283 962 3345 laeva
985 3284 1091 3346 relicto
1114 3284 1213 3362 hoste,
1237 3283 1367 3347 Faesulas

320 3379 439 3449 petens,
462 3369 565 3431 medio
580 3368 709 3431 Etmriae
734 3390 809 3452 agro
835 3370 1002 3451 praedatum
1029 3370 1194 3452 profectus,
1218 3381 1365 3451 quantam

319 3455 491 3542 maximam
511 3455 686 3517 vastitatem
705 3466 818 3537 potest,
847 3456 979 3519 caedibrrs
1011 3455 1218 3538 incendiisque
1244 3456 1363 3519 consuli

754 3640 834 3701 spor
844 3638 920 3689 (irum

316 3787 445 3838 mineum
463 3804 498 3851 te,
516 3790 557 3839 sed
574 3800 600 3840 ut
618 3790 713 3853 erigant.
746 3792 827 3859 ltaque
860 3795 981 3847 Hactenus
1002 3798 1112 3848 edebatur
1128 3799 1187 3862 quod
1202 3799 1279 3847 altius.
1317 3796 1366 3848 S'ed

317 3855 440 3918 legendum
470 3856 645 3905 censuerimus:
675 3874 742 3921 nequ
761 3865 827 3910 tunt
860 3859 914 3910 Put.
931 3863 1011 3921 codex,
1027 3873 1052 3911 et
1067 3865 1126 3913 alius
1139 3865 1197 3915 item
1213 3880 1228 3913 e
1242 3864 1308 3925 regiis
1320 3862 1366 3913 bu·

317 3936 370 3969 em
394 3936 424 3979 te,
451 3937 520 3984 nepus
541 3922 636 3987 prolapsi
652 3938 821 3989 saurga...
858 3926 917 3976 beot
934 3943 989 3988 quo:
1009 3928 1080 3991 idque
1098 3930 1201 3994 poscae
1220 3938 1366 3992 eutem·

317 3993 426 4047 potmm.
468 3986 574 4037 Similem
604 3988 741 4039 medicinam
762 3990 827 4039 adbi-
857 3992 914 4039 dom
924 4003 969 4041 eet.

320 4048 730 4103 tttmmnmitivitioest.txxr.
890 4056 912 4090 ²⁵
928 4055 1050 4123 Etotpiot]
1069 4058 1249 4110 Abundantium
1282 4058 1365 4121 loqui·
1386 4096 1391 4105 .

353 4116 374 4151 ¹⁵
390 4116 438 4165 Ant
447 4134 536 4181 corporo
545 4116 635 4181 animis]
653 4116 710 4169 Huc
720 4134 827 4184 motare
858 4119 923 4169 rebat
935 4121 1042 4184 ducibui,
1061 4141 1113 4188 quae
1127 4140 1180 4189 pars
1193 4122 1292 4186 regionis
1301 4124 1365 4174 dives

321 4193 379 4241 epm
395 4194 430 4230 en
446 4184 577 4246 particulam
590 4197 723 4245 negantem,
741 4187 827 4249 quein
859 4198 1006 4237 metarum
1021 4190 1198 4239 uetustam
1213 4189 1293 4253 copiin
1307 4195 1367 4253 σμἰὸ

322 4246 505 4307 precedentibus
522 4248 679 4317 exprimitur„
696 4248 777 4315 ltaque
794 4252 827 4301 sie
859 4250 939 4309 lensia,
945 4246 1068 4316 ubemte3
1088 4256 1164 4319 idque,
1178 4256 1207 4303 nd
1223 4264 1366 4305 mnarum
1394 4314 1398 4321 .

322 4310 460 4421 erpplprneoppe
469 4314 582 4363 tuntboee
595 4314 674 4391 verbm
690 4316 827 4394 qiuailege·
858 4316 1057 4433 αξὼῆυὰωὼὼ
1088 4332 1137 4433 N*
1221 4330 1224 4335 ·
1306 4382 1356 4434 W

322 4392 620 4557 „powg-3552?
637 4394 827 4577 mg}
857 4384 1145 4523 masfla-mdes?
1160 4385 1230 4436 Μ
1238 4398 1295 4436 m.
1331 4400 1367 4434 ¹⁰

571 4526 585 4557 o
633 4526 692 4573 equo
1006 4525 1012 4540 ’
