3092 5200
336 391 393 448 sc·
693 387 697 398 ·
757 377 842 462 nn
861 373 978 435 aran

169 563 309 618 mm,
337 535 495 620 elephanti
508 535 749 618 quatuordecim.
772 534 877 597 classis
899 546 1045 617 praterea
1067 531 1166 595 datah
1182 532 1224 594 ad
1238 531 1394 596 tuendam

167 635 201 687 A.
212 631 242 682 c.
252 629 308 681 218.
337 623 522 686 maritimam
550 641 645 701 oram,
676 621 769 704 (quia,
797 642 858 702 qua
882 633 971 704 parte
994 619 1066 682 b'elli
1091 618 1238 698 vicerant,
1262 641 1300 681 ea
1321 630 1393 682 tom

237 739 239 750 ·
337 717 457 793 quoque
471 727 535 772 rem
557 721 693 790 gesturos
709 708 874 786 Romanos,
897 707 980 769 credi
1003 707 1138 789 poterat)
1165 707 1391 791 quinquagina

338 797 579 878 quinqueremes,
610 795 818 877 quadriremes
855 795 931 872 dua,
970 794 1107 856 triremes
1138 795 1291 876 quinque:
1332 792 1390 855 sed

338 885 453 966 ”apta
468 882 681 963 instructaque
706 881 834 962 remigio
857 881 986 962 triginta
1007 889 1040 940 et
1060 878 1126 942 dua
1153 881 1403 961 qunqueoemes·

338 979 436 1048 erant,
461 979 492 1030 et
519 969 658 1030 triremes
682 969 824 1050 quinque.
868 966 917 1028 Ab
941 965 1078 1028 Gadibus
1093 963 1323 1046 Karthaginem*
1344 965 1402 1027 ad*

337 1055 469 1118 hiberna*
488 1055 638 1117 exercitus
662 1053 762 1116 rediit.
788 1066 881 1135 atque
904 1055 987 1132 iude,
1009 1053 1164 1136 profectus
1186 1064 1294 1137 praeter
1307 1049 1386 1114 ffto-

167 1150 288 1201 somimn
336 1143 446 1203 nissam
462 1141 579 1219 urbem,
605 1142 644 1202 ad
659 1139 780 1202 Iberum
806 1140 1053 1222 maritimamque
1077 1159 1163 1202 oram
1187 1140 1287 1202 ducit:
1327 1137 1385 1215 Ibi,

169 1217 313 1272 m
337 1227 421 1290 Iama
435 1240 492 1305 est,
508 1227 538 1289 in
550 1229 653 1310 quiete
663 1228 760 1289 visum
772 1228 861 1288 abeo
872 1225 1017 1308 juvenem
1033 1226 1256 1308 divinaspecie,
1267 1226 1319 1309 qui
1330 1224 1341 1259 ‘
1351 1243 1386 1287 se

338 1315 349 1367 ἕ
362 1316 401 1377 ab
409 1311 498 1377 Jove'
514 1314 629 1378 diceret
645 1314 775 1375 ‘ducem
785 1313 817 1374 in
830 1311 951 1376 Italiam
961 1309 1127 1374 Hannibali
1144 1314 1289 1374 missum:
1311 1331 1386 1395 pro-

337 1403 347 1436 ‘
362 1401 437 1463 Inde
445 1413 630 1482 sequeretur,
646 1419 881 1482 nequeusquam
897 1421 916 1461 a
930 1421 963 1462 se
979 1399 1156 1461 deflecteret
1167 1397 1307 1461 oculos.’''
1325 1395 1388 1459 Pa·

335 1489 440 1552 vidum
460 1488 570 1570 primo,
588 1507 736 1569 nusquam
761 1486 1058 1570 circumspicientem
1082 1497 1137 1547 aut
1151 1484 1386 1568 respicientem,

337 1581 494 1652 secutum3
519 1573 639 1652 deinde,
661 1593 740 1636 cura·
756 1572 881 1634 humani
906 1573 1030 1656 ingenii,
1058 1592 1162 1654 quum,
1184 1571 1332 1654 quidnam·
1350 1571 1387 1632 id

337 1673 428 1738 esset,
444 1661 526 1742 quod
542 1661 690 1743 respicere
703 1660 815 1721 vetitus
830 1672 921 1738 esset,
933 1660 1070 1741 agitaret
1084 1659 1199 1736 animo,
1215 1669 1386 1740 temperare

337 1747 433 1810 oculis
448 1746 617 1829 nequivisse
625 1769 635 1824 ;
653 1758 717 1808 tum
728 1745 849 1825 vidisse,
860 1758 932 1831 post
942 1767 1007 1808 sese
1022 1757 1202 1829 serpentem
1211 1745 1288 1807 mira
1297 1764 1386 1826 mag·

336 1832 475 1894 nitudine
501 1853 570 1894 eum
595 1831 714 1915 ingenti
740 1833 883 1894 arborum
906 1853 943 1894 ac
960 1832 1161 1914 „virgultorum
1187 1843 1289 1913 strage
1303 1829 1386 1905 ferri,

337 1924 373 1981 ac
387 1930 461 2002 post
473 1919 592 2001 insequi
608 1939 679 1981 cum
694 1918 816 2000 fragore
830 1919 899 1980 coeli
915 1919 1073 1980 nimbum:
1089 1930 1167 1996 tum,
1183 1917 1271 1998 ‘qua
1283 1917 1386 1976 moles

336 2004 348 2037 ‘
362 2025 410 2083 ea,
427 2005 534 2086 quidve
550 2005 680 2088 prodigii
696 2002 798 2080 esset,'
819 2017 1003 2086 querentem
1019 2003 1156 2066 audisse:
1178 2003 1190 2035 ‘
1199 1999 1387 2064 Vastitatem

337 2087 457 2152 ‘Italiac
479 2111 554 2153 esse.
568 2101 709 2173 pergeret
723 2111 816 2172 porro
831 2090 886 2169 ire,
901 2111 957 2152 nec
971 2091 1053 2152 ultra
1064 2091 1241 2171 inquireret,
1256 2089 1389 2151 sineret-
1404 2122 1407 2129 ·

338 2177 349 2209 ‘
364 2196 422 2258 que
436 2177 503 2238 fata
517 2177 549 2238 in
564 2175 687 2238 occulto
702 2173 790 2236 esse.'

382 2261 501 2324 XXIII.
523 2260 593 2324 Hoc
622 2263 685 2324 risu
716 2262 803 2324 latus
831 2263 986 2344 tripartito
1016 2261 1137 2326 Iberum
1161 2262 1265 2347 copias
1292 2257 1389 2345 truje'd

233 2404 240 2416 .
341 2347 394 2428 eit,
417 2349 588 2432 premissis,
612 2349 665 2430 qui
679 2345 836 2411 Gallorum
852 2350 980 2428 anirnos,
1002 2371 1063 2431 qua
1078 2345 1284 2412 traducendus
1298 2369 1387 2412 exera

254 2437 264 2455 ‘
342 2437 420 2498 citus
436 2447 511 2514 erat,
533 2435 620 2496 donis
642 2435 853 2514 conciliarent,
876 2435 1060 2518 Alpiumque
1082 2437 1225 2498 transitus
1247 2433 1387 2518 specula-

341 2535 453 2585 rentur.
475 2522 644 2605 nonaginta
658 2522 754 2584 rnillla
773 2523 926 2606 peditum,
950 2523 1111 2585 duodecim
1135 2523 1233 2585 millia
1252 2521 1389 2605 equitum

342 2608 461 2672 Ibemm
484 2610 628 2672 traduxit.
672 2608 818 2691 Ilergetes
840 2609 923 2687 inde,
944 2608 1234 2693 Bargusiosque-et
1254 2610 1387 2673 Auseta-

340 2717 407 2773 nos,
430 2708 464 2758 et
477 2700 503 2737 ⁹⁴
511 2694 720 2775 Lacetaniam,
744 2716 809 2778 quae
831 2695 970 2783 subjecta
1027 2698 1130 2759 rmraeis
1151 2698 1308 2760 montibus
1330 2706 1387 2775 est,

340 2782 480 2865 subegit:
507 2802 625 2865 oraeque
649 2783 720 2845 huic
744 2784 827 2844 omni
851 2783 988 2865 praefecit
1035 2804 1197 2861 annonem,
1218 2797 1254 2845 ut
1273 2783 1387 2862 faura,

342 2888 407 2951 qua
422 2866 586 2953 Hispanias
600 2866 708 2931 Galliis
728 2867 872 2951 jungunt,
896 2870 928 2930 in
944 2881 1099 2954 potestate
1114 2881 1231 2933 essem.
1267 2868 1388 2931 Decem

341 2954 438 3023 millia
452 2956 590 3039 peditum
606 2954 751 3018 Hannoni
775 2956 813 3018 ad
835 2956 1007 3039 praesidium
1029 2960 1060 2997 ’θ
1068 2957 1240 3019 obtinenda
1254 2956 1388 3039 regionis

342 3042 426 3121 data,
452 3054 488 3105 et
511 3042 599 3103 mille·
620 3043 747 3124 equites.
800 3040 966 3125 Postquam
994 3065 1048 3128 per
1074 3042 1248 3128 Pyrenaum
1275 3044 1387 3105 saltum

341 3129 460 3193 traduci
476 3130 627 3193 exercitos
642 3140 690 3191 est
707 3141 837 3213 coeptus,
861 3151 1023 3214 mmorque
1043 3152 1098 3215 per
1118 3127 1262 3213 baibaros
1277 3150 1385 3192 mana-

340 3218 385 3281 vit
400 3218 510 3280 certIor
527 3216 660 3280 debello
676 3214 837 3295 Romano:
859 3218 919 3279 tria
940 3218 1037 3279 millia
1058 3218 1130 3279 inde
1145 3216 1385 3301 Carpetanorum

340 3306 477 3388 peditum
504 3304 564 3367 iter
586 3316 768 3367 averterunt.
798 3304 970 3383 constabat,
995 3326 1057 3366 non
1081 3318 1146 3367 tam
1169 3303 1251 3366 bello
1274 3316 1393 3382 motos,

339 3412 432 3473 quam
467 3391 693 3472 longinquitate
724 3392 780 3453 viae
808 3392 1062 3474 insuperabilique
1091 3392 1216 3473 Alpium
1247 3390 1391 3452 transito.

340 3474 510 3553 Hannibal,
534 3476 605 3557 quia
620 3496 759 3537 revocare
783 3488 836 3537 aut
848 3479 878 3539 vi
902 3478 1033 3541 retinere
1048 3498 1100 3539 eos
1115 3497 1226 3559 anceps
1241 3487 1317 3552 erat,
1344 3496 1385 3537 ne

339 3572 517 3623 ceterorum.
537 3561 630 3622 etiam
657 3562 773 3623 feroces
800 3563 895 3625 animi
924 3566 1123 3642 irritarentur,
1146 3584 1238 3647 supra
1252 3573 1384 3647 „septem

340 3646 437 3709 mIIIIa
456 3647 616 3710 hominum
639 3648 747 3710 domos
770 3650 898 3731 remisit,
922 3654 949 3690 ⁹⁰
961 3673 1036 3733 quos
1057 3654 1169 3736 etipse
1192 3650 1310 3732 gravari
1325 3648 1386 3710 mi-

338 3734 407 3797 litia
422 3746 568 3813 senserat,
585 3733 773 3818 Carpetanos
788 3756 908 3819 quoque
923 3740 963 3799 ab
977 3758 1010 3799 se
1026 3738 1169 3800 dimissos
1181 3737 1346 3799 simulans·

287 3884 291 3892 ,
356 3824 359 3831 ’
382 3818 500 3885 XXIV.
524 3820 610 3899 Inde,
635 3842 674 3884 ne
700 3842 787 3887 mora
809 3836 899 3908 atque
922 3824 1018 3887 otium
1038 3826 1158 3913 animos
1173 3824 1385 3902 sollicitarent,

723 3978 735 4012 Ι·
746 3973 799 4022 add.
810 3982 840 4021 ert
852 3972 927 4056 Grpnr
938 3975 1009 4024 Cret.

371 4104 850 4171 ⁹³·Ama10mnntearerormre.
881 4103 1431 4169 lanamqurqioeefltspain,

340 4166 405 4213 Infra
416 4182 479 4218 xxx.
494 4174 530 4220 tu.
541 4173 630 4219 nautico
640 4170 785 4219 imaum
793 4179 850 4231 apt«
879 4169 1124 4234 aobjeatal'yrenasa..

339 4231 419 4279 chri-¹
911 4238 933 4273 ⁹⁵
951 4235 966 4263 ⁶
979 4237 1117 4301 oernenda]
1130 4235 1392 4292 Tenendmarrsndoe.

372 4295 395 4331 ⁹¹
410 4294 563 4363 hum]
589 4300 654 4349 Prim
671 4300 711 4350 bic
731 4301 860 4361 legebant·
910 4299 935 4337 ω
949 4299 1393 4367 Quutpoegmtmattamme-

340 4359 362 4408 Α
395 4362 401 4373 ’
443 4363 448 4373 “
490 4378 498 4407 ²
525 4378 639 4427 corrupte.
680 4366 765 4428 Neque
786 4364 849 4413 enim
882 4376 920 4413 tur
935 4382 960 4413 sc
978 4365 1108 4416 GronorIus
1126 4368 1172 4428 legi
1183 4366 1287 4429 jubeas:
1305 4381 1358 4428 quor
1373 4373 1403 4415 ee

340 4442 354 4473 a
386 4441 415 4474 uc
436 4426 538 4475 Annibal
560 4429 584 4475 in
604 4428 702 4478 Galliam
721 4430 850 4495 maieoerm
881 4433 1258 4495 mammaeam

342 4489 449 4543 Correxit
476 4490 581 4554 Sigonius
615 4494 678 4545 salici
708 4498 851 4563 conjectura.
