3092 5200
452 363 529 424 LIB.
541 353 663 425 xxm.
683 363 764 422 CAP.
783 363 870 422 XIII.
1137 372 1198 430 209

150 516 306 580 ‘nannet
328 518 379 599 qui
397 537 488 602 supra
514 518 626 596 decies,
652 528 791 601 septem:
810 528 967 581 senatores
988 531 1059 582 octo
1083 533 1193 585 nautas
1206 531 1280 584 tte.
1292 533 1349 585 aaa.

27 621 30 628 '
150 604 247 666 ‘curn
264 625 364 666 annuo
388 603 542 687 stipendio
558 603 687 667 darent.'
709 601 758 666 Ex
774 605 833 668 hoc
848 605 951 668 edicto
966 605 1064 668 “dati
1082 618 1192 688 nautas,
1204 599 1276 649 Μ·
1287 601 1344 650 ²¹⁴·

150 692 259 752 annati
279 691 478 771 instructique
503 692 542 752 ab
562 691 704 768 dominis,
728 711 798 752 cum
814 691 943 774 triginta
957 691 1075 753 dicrum
1095 695 1192 756 coctis

148 775 269 837 cibariis
295 796 387 840 naves
403 777 656 840 conscenderunt.
700 773 782 838 lum
797 778 929 860 primum
951 777 1139 856 estfactum,
1157 790 1193 841 ut

146 861 251 923 classis
287 861 429 926 Romana
461 863 552 926 sociis
588 863 745 924 navalibus
776 863 895 945 privata
921 864 1050 945 inpensa
1078 865 1192 948 paratis

148 965 218 1009 com
240 948 363 1011 leretur.
1091 1009 1094 1012 ,

190 968 263 1096 xil.
289 1032 351 1096 Hic
383 1033 482 1118 major
515 1035 606 1098 solito
643 1035 808 1118 adparatus
844 1036 995 1119 precipue
1024 1037 1194 1100 conterruit
1202 1058 1334 1108 cmm

148 1115 333 1202 Campanos,
356 1141 396 1184 ne
426 1123 465 1184 ab
485 1121 644 1184 obsidione
666 1120 780 1204 Capuae
801 1121 914 1184 beilum
936 1121 1003 1204 ejus
1028 1124 1100 1185 anni
1126 1121 1192 1185 Ro-
1205 1122 1324 1187 cwi-

146 1207 228 1268 mani
247 1207 427 1290 inciperent.
447 1208 551 1288 itaque
571 1207 689 1289 legatos
704 1205 956 1270 adHannibalem
968 1221 1090 1272 oratum
1100 1210 1192 1271 mise-

147 1303 226 1370 runt,
237 1305 273 1355 ut
286 1292 425 1374 Capuam
437 1295 603 1356 exercimm
612 1293 799 1356 admoveret.
808 1294 865 1355 ‘ad
875 1315 944 1358 eam
952 1296 1193 1378 obpugnandam

147 1375 267 1440 ‘novos
288 1379 440 1442 exercitus
463 1380 553 1441 scribi
573 1377 695 1458 Romae3
719 1401 778 1442 nec
803 1379 893 1442 ullius
915 1382 997 1443 urbis
1027 1381 1193 1444 defectioni

146 1461 158 1493 ‘
173 1465 271 1546 magis
282 1464 418 1526 infensos
432 1485 539 1526 eorum
550 1466 667 1526 animos
679 1463 765 1528 esse!
786 1464 824 1527 ld
833 1467 906 1546 quia
916 1477 980 1529 tam
991 1469 1102 1550 trepidi
1112 1488 1193 1529 nun·

147 1547 282 1628 ciebant,
309 1551 522 1612 maturandum
546 1549 701 1612 Hannibal
724 1562 821 1630 ratus,
845 1573 884 1614 ne
907 1552 1192 1636 prevenirentRo-

146 1637 243 1713 marri,
264 1635 417 1718 profectus
437 1635 538 1717 Arpis,
564 1636 605 1696 ad
624 1633 730 1697 Tifata
752 1637 786 1696 in
799 1638 951 1699 veteribus
973 1640 1080 1701 castris
1103 1661 1194 1723 super

150 1718 289 1801 Capuam
303 1719 451 1782 consedit.
475 1721 558 1798 inde,
579 1719 722 1782 Numidis
732 1719 938 1803 Hispanisque
960 1725 1000 1785 ad
1020 1726 1194 1806 presidium

148 1805 239 1868 simul
261 1817 429 1868 castrorum
464 1806 553 1867 simui
580 1803 692 1886 Capua
724 1805 848 1885 relictis,
878 1828 949 1869 cum
976 1822 1079 1872 cetero
1104 1831 1194 1872 exer·

148 1892 213 1954 citu
232 1892 272 1952 ad
293 1891 393 1953 lacum
411 1889 523 1954 Averni
548 1911 602 1972 per
628 1891 761 1972 speciem
784 1891 984 1970 sacrificandi,
1008 1916 1041 1955 re
1067 1895 1134 1976 ipsa
1159 1906 1194 1956 ut

148 1987 285 2040 tentaret
317 1975 469 2054 Puteolos,
502 1976 646 2057 quodque
671 1976 713 2038 ibi
751 1977 882 2058 presidii
916 1978 1194 2055 eratsdescendit.

147 2061 316 2140 Maximus,
341 2073 503 2144 postquam
532 2057 740 2124 Hannibalem
765 2061 858 2143 Arpis
888 2063 1070 2144 proiectum,
1091 2076 1123 2126 et
1144 2085 1194 2126 re·
1243 2123 1247 2132 ,

148 2149 233 2232 gredi
246 2149 276 2211 in
292 2147 504 2230 Campaniam,
528 2147 663 2211 adlatum
685 2158 741 2226 est,
764 2168 823 2210 nec
847 2147 897 2210 dic
912 2169 970 2210 nec
991 2161 1082 2211 nocte
1097 2149 1195 2212 inter·

148 2235 242 2298 misso
272 2235 392 2313 itinere,
422 2234 463 2296 ad
492 2235 662 2297 exercitum
695 2233 797 2296 redita
830 2245 863 2296 et
886 2231 938 2296 lt.
959 2233 1132 2299 Gracchum
1154 2236 1194 2298 ab

148 2319 277 2384 luceria
297 2319 507 2384 Beneventum
536 2321 642 2402 copias
667 2319 841 2398 admovere,
876 2319 915 2391 Q.
937 2319 1065 2382 Fabium
1081 2332 1194 2405 prato-

150 2427 215 2470 ram
241 2406 280 2486 (is
309 2406 388 2470 iilius
419 2407 551 2468 consulis
576 2404 655 2486 erat)
686 2404 847 2469 Luceriam
867 2403 1009 2469 Graccho
1030 2407 1195 2470 succedere

145 2490 244 2574 jubet.
288 2491 324 2554 ln
348 2490 484 2555 Siciliam
507 2493 616 2556 eodem
637 2503 773 2575 tempore
798 2492 860 2554 duo
880 2504 1022 2576 praetores
1051 2493 1195 2576 profecti,

148 2577 183 2643 P.
213 2577 372 2643 Cornelius
397 2580 438 2643 ad
468 2579 647 2658 exercitum,
676 2578 837 2658 Otacilius,
859 2580 911 2661 qui
946 2579 1105 2643 maritima
1133 2601 1195 2643 ora
1242 2632 1251 2648 .

148 2666 252 2748 reique
271 2666 370 2729 navali
393 2679 559 2751 preesset3
591 2677 623 2728 et
649 2666 740 2729 ceteri
769 2667 801 2728 in
829 2686 897 2729 suas
920 2668 1047 2751 quisque
1069 2667 1193 2750 provin·
1229 2668 1232 2709 ῑ

148 2753 212 2815 cias
235 2752 374 2835 profecti.
395 2764 438 2831 et,
468 2753 576 2834 quibus
599 2765 798 2834 prorogatum
821 2752 983 2835 imperium
1013 2765 1090 2831 crat,
1125 2773 1193 2815 eas-

149 2838 229 2916 dem,
256 2859 331 2920 quas
346 2840 446 2922 priore
462 2858 554 2916 anno,
581 2839 719 2920 regiones
734 2838 941 2901 obtinuerunt.
1161 2900 1164 2905 .

189 2923 279 2987 xlll.
300 2924 351 2987 Ad
380 2922 597 3001 Hannibalem,
627 2944 720 3005 quum
754 2923 795 2985 ad
830 2923 931 2986 lacum
959 2924 1072 2989 Averni
1101 2938 1191 3005 esset,
1203 2943 1346 3005 mutim.

148 3010 283 3091 quinque
307 3010 426 3072 nobiles
452 3009 578 3092 juvenes
611 3011 651 3071 ab
678 3008 816 3072 Tarento
836 3022 994 3088 venerunt,
1015 3012 1127 3095 partim
1150 3008 1328 3087 ,drauum

147 3094 363 3158 Trasimenum
399 3095 510 3172 lacum,
546 3095 658 3176 partim
690 3095 730 3157 ad
756 3092 879 3155 Cannas
899 3095 993 3177 capti,
1016 3097 1260 3191 dimissiquelm

149 3182 339 3245 domnacum
353 3180 462 3243 eadem
473 3180 632 3258 comitate,
647 3200 786 3261 quausus
800 3178 944 3241 adversus
957 3202 1064 3243 omnes
1075 3180 1190 3245 Roma-
1242 3248 1248 3265 ι

147 3288 257 3329 norum
273 3267 372 3329 socios
387 3263 498 3329 Poenus
513 3266 622 3327 fuerat.
644 3264 681 3343 li,
708 3266 879 3327 ‘memores
894 3266 1111 3329 beneficiorum
1125 3264 1191 3350 ejus

146 3354 158 3388 ‘
171 3354 339 3437 perpulisse
353 3372 498 3434 magnam
512 3362 631 3434 partem
658 3372 690 3413 se
705 3349 874 3433 juventutis
888 3349 1082 3430 Tarentinm'
1112 3352 1190 3417 reie-

146 3450 230 3517 runt‚
243 3438 479 3502 ‘utHannibalis
489 3437 655 3500 amicitiam
665 3459 700 3501 ac
711 3438 902 3518 societatem,
913 3459 1005 3521 quam
1014 3438 1191 3521 popuiiRo-

146 3527 158 3561 ‘
172 3526 268 3604 mani,
277 3525 423 3603 mallent3
443 3528 469 3565 ⁸⁶
477 3524 654 3606 legatosque
664 3525 704 3585 ab
717 3524 780 3587 suis
791 3524 898 3587 missos
910 3545 1017 3606 rogare
1028 3522 1191 3588 Hanniba·

147 3613 243 3690 ‘lem,
252 3622 287 3673 ut
296 3611 464 3674 exercitum
475 3610 600 3695 propius
608 3608 778 3673 Tarentum
789 3611 962 3673 admoveat.
978 3608 1011 3670 Si
1016 3611 1104 3693 signa
1113 3610 1190 3694 ejus,

146 3700 196 3761 ‘si
205 3698 306 3761 castra
316 3709 483 3779 conspecta
497 3692 662 3759 aTarento
678 3696 750 3773 sint,
761 3696 845 3759 haud
854 3695 948 3758 ullam
957 3697 1191 3759 intercessuram

149 3786 159 3820 ‘
172 3806 303 3864 moram,
313 3785 386 3866 quin
397 3785 468 3845 urbs
478 3782 616 3845 dedatur.
642 3780 679 3843 In
691 3792 844 3863 potestate
852 3781 1007 3865 juniorum
1017 3782 1148 3864 plebem,
1158 3783 1192 3845 in

143 3874 266 3933 ‘manu
288 3871 385 3954 plebis
400 3891 464 3933 rem
483 3867 682 3931 Tarentinam
695 3866 783 3930 esse.’
809 3864 965 3930 Hannibal
990 3867 1190 3929 conlaudatos
1244 3922 1247 3927 .

148 3978 212 4036 eos,
241 3969 443 4037 oneratosque
472 3956 644 4039 ingentibus
673 3954 841 4039 promissis,
864 3954 988 4017 domum
1018 3952 1058 4014 ad
1088 3962 1191 4035 coepta

147 4044 332 4109 montranda
354 4044 453 4107 redire
473 4041 583 4125 jubet:
617 4062 649 4103 aa
679 4040 712 4103 in
749 4051 889 4121 tempore
917 4039 1091 4101 adfirmrum
1112 4058 1191 4102 esse.

148 4129 217 4195 Hac
233 4152 303 4195 cum
318 4150 372 4214 spe
403 4128 519 4201 dimissi
543 4125 713 4191 Tarentini.
752 4124 858 4214 ipsum
878 4125 985 4211 ingens
1011 4123 1124 4206 cupido
1141 4124 1190 4185 in-

171 4288 652 4371 q·n·auaq.,...aaaa1n
710 4281 1191 4399 &misaam

141 4357 359 4537 pssmm
368 4356 600 4475 matun
625 4366 652 4472 a
681 4368 738 4473 n
758 4370 839 4406 Μ
866 4367 916 4404 ²⁰·
943 4359 1061 4413 „aa
1179 4373 1191 4390 ·

187 4572 264 4621 voa.
279 4574 317 4621 11.
740 4576 762 4623 P
