3092 5200
166 487 308 555 ucoca.

168 566 311 620 auam.

336 357 419 422 40οὛ
710 378 713 386 ’
758 354 843 419 'l'l'l'l
863 356 982 419 1.1v11¹

337 515 428 577 daret
448 534 487 577 eo
508 512 636 597 triginta
654 521 756 592 naves,
779 532 845 595 qua
860 514 1088 578 ad-'l'arentum
1099 514 1203 599 priore
1219 536 1302 581 anno
1316 514 1386 580 fue·

336 614 416 666 rant.
437 612 507 665 cum
521 622 560 664 ea
573 612 697 664 centum
712 601 835 663 navium
854 603 961 680 classe,
986 602 1010 664 si
1031 602 1181 667 videretur
1196 605 1236 683 ei,
1263 604 1383 687 praeda-

337 702 403 752 tum
418 690 450 751 in
464 689 600 751 Africam
614 687 780 770 trajiceret.
824 687 866 750 Et
881 688 915 750 P.
931 687 1076 770 Sulpicio,
1102 700 1137 751 ut
1155 690 1262 753 eadem
1285 690 1383 753 classe

335 774 554 838 Macedoniam
575 774 785 856 Graciarnque
812 775 999 857 provinciam
1022 776 1159 855 haberet,
1181 790 1380 861 prorogatum

336 864 368 924 in
390 882 504 924 annum
526 862 687 945 imperium
709 872 766 923 est.
809 858 858 923 De
881 860 1008 940 duabus,
1035 882 1100 947 quae
1126 864 1166 925 ad
1187 865 1294 926 urbem
1316 863 1381 927 Ro·

335 970 418 1011 mam
433 950 563 1027 merant,
578 947 747 1030 legionibus
759 947 834 1009 nihil
850 958 1013 1009 mutatum.
1036 946 1302 1032 supplementum,
1318 970 1380 1033 quo

220 1028 228 1045 ”
336 1056 411 1118 opus
426 1048 516 1113 esset,
538 1036 706 1097 scriberent
720 1032 871 1112 eonsules,
892 1034 1086 1117 permissum.
1139 1032 1212 1097 Una
1226 1048 1259 1098 et
1272 1036 1381 1119 viginti

337 1122 506 1204 legionibus
517 1142 555 1182 eo
566 1141 648 1183 anno
662 1120 820 1182 defensum
834 1119 994 1203 imperium
1009 1120 1182 1183 Romanum
1197 1134 1254 1185 est.
1289 1121 1330 1185 Et
1345 1122 1381 1186 P.

337 1206 456 1271 Licinio
471 1206 554 1269 Varo
569 1208 691 1290 pratori
706 1207 789 1268 urbis
802 1206 959 1289 negotium
975 1206 1092 1287 datum,
1107 1208 1165 1271 ‘ut
1173 1229 1264 1271 naves
1272 1208 1381 1293 longas

338 1294 491 1377 ‘triginta
510 1304 626 1355 veteres
647 1292 795 1371 reliceret,
822 1313 888 1374 quse
909 1292 1005 1356 Ostiae
1026 1305 1125 1372 erant,
1152 1307 1183 1357 et
1200 1294 1305 1379 viginti
1321 1316 1382 1358 no-

339 1382 417 1443 ‘vas
430 1400 522 1442 naves
536 1380 627 1442 sociis
642 1380 797 1441 navalibus
807 1380 956 1462 inpleret:
979 1391 1015 1441 ut
1029 1380 1249 1463 quinquaginta
1259 1382 1380 1444 navium

339 1467 461 1529 ‘classe
476 1487 561 1530 oram
582 1466 676 1528 maris
689 1466 822 1528 vicinam
840 1466 908 1528 urbi
924 1464 1069 1528 Romana
1083 1467 1162 1529 tueri
1177 1465 1299 1550 posset!
1340 1466 1380 1531 C.

340 1552 521 1637 Calpurnius
535 1552 646 1616 vetitus
667 1553 706 1614 ab
730 1551 852 1615 Arretio
870 1572 991 1614 movere
1003 1554 1182 1632 exercitum,
1208 1553 1265 1617 nisi
1287 1574 1379 1635 quum

340 1660 495 1728 sueeemor
508 1641 652 1703 venisset.
693 1641 722 1679 'l
734 1638 821 1701 Idem
835 1650 868 1701 et
881 1636 1002 1701 Tubulo
1018 1640 1212 1723 imperatum,
1226 1650 1262 1703 ut
1273 1642 1297 1680 ¹¹
1308 1640 1380 1704 inde

339 1728 690 1877 Pmsdlllffilllllss
701 1746 762 1874 {¹2¹²
776 1724 1286 1876 illitttl'ltttssfflltm.
1312 1814 1384 1877 ..a

340 1901 393 1981 gio
407 1859 544 1977 teueliat,
568 1899 662 1982 quod,
684 1834 833 1982 prodigiis
847 1832 973 1981 aliquoi
975 1858 1140 1978 nunciatis,
1165 1920 1225 1962 non
1241 1900 1330 1963 facile
1344 1902 1385 1961 li-

235 2054 263 2072 ..
324 1986 459 2049 'tabant
501 1985 542 2048 Et
556 2006 596 2047 ex
614 1985 943 2069 Campanianuneiata
956 1997 1054 2065 erant,
1076 1984 1185 2069 Capuae
1200 1986 1273 2049 duas
1288 1987 1383 2065 aedes,

342 2070 483 2135 Fortuna
512 2084 545 2134 et
574 2070 696 2151 Martis,
724 2084 757 2135 et
786 2071 943 2155 sepulchra
974 2073 1089 2155 aliquot
1115 2072 1153 2134 de
1177 2074 1253 2135 coelo
1283 2084 1384 2136 tacta.

342 2156 448 2221 Cumis
479 2157 570 2238 (adeo
599 2158 731 2219 minimis
766 2160 861 2221 etium
896 2158 985 2220 rebus
1019 2180 1109 2241 prava
1138 2160 1242 2241 religio
1269 2158 1384 2221 inserit

342 2244 439 2324 Deos)
463 2264 564 2305 mures
590 2246 623 2305 iu
647 2244 712 2305 aede
735 2243 822 2306 dovis
845 2265 950 2306 aurum
973 2244 1088 2307 rosisse.
1131 2243 1233 2306 Casini
1249 2250 1385 2331 etiamen

343 2332 445 2414 apium
466 2331 573 2411 ingens
588 2331 619 2392 in
635 2329 701 2392 foro
715 2330 899 2393 consedisse.
942 2328 985 2392 Et
1007 2330 1099 2392 Ostia
1111 2350 1229 2392 murum
1245 2343 1384 2413 portam,-

343 2436 404 2499 que
418 2416 458 2478 de
472 2417 550 2479 coelo
565 2426 691 2479 metam.
736 2415 820 2479 Caere
834 2417 997 2479 vulturium
1017 2417 1132 2479 volasse
1155 2418 1188 2477 in
1210 2416 1305 2481 adem
1325 2416 1384 2480 Jo-

343 2504 397 2565 via.
441 2500 586 2565 Volsiniis
607 2504 754 2584 sanguine
778 2503 879 2565 lacurn
901 2524 1048 2565 manasse.
1093 2500 1213 2565 Horum
1226 2503 1383 2588 prodigio-

304 2633 315 2649 .
344 2600 411 2653 'rum
433 2609 540 2652 caussa
563 2588 644 2653 diem
668 2609 762 2652 unum
784 2590 966 2673 supplicatio
991 2590 1060 2654 fuit.
1103 2588 1160 2653 Per
1181 2590 1247 2653 dies
1269 2590 1384 2672 aliquot

179 3210 321 3262 Pmssemu.

344 2677 452 2741 hostia
476 2675 608 2758 majores
622 2676 687 2738 sine
710 2677 851 2740 litatione
877 2699 969 2757 caesae,
999 2677 1110 2758 diuque
1136 2697 1198 2739 non
1223 2677 1384 2762 impetrata

343 2767 372 2804 ⁸¹
381 2783 444 2848 pax
453 2759 564 2826 Deum.
608 2761 644 2825 lu
659 2764 762 2847 capita
776 2765 944 2843 consulum,
971 2764 1126 2847 republica
1139 2763 1294 2842 incolumi,
1315 2763 1382 2825 exi-

344 2849 458 2914 tialrilis
480 2851 687 2934 prodigiorum
716 2861 841 2913 eventus
870 2851 969 2913 vertit.
1013 2848 1090 2912 Ludi
1114 2849 1311 2934 Apollinares,
1341 2849 1383 2920 Q.

345 2936 462 3017 Fulvio,
485 2937 547 3021 Ap.
561 2937 691 3000 Claudio
714 2937 897 3016 consulibus,
916 2959 935 2998 a
949 2935 983 2998 P.
997 2933 1141 2999 Cornelio
1161 2933 1245 2999 Sulla
1257 2947 1384 3020 praetore

343 3024 427 3086 urbia
454 3024 585 3107 primum
612 3024 687 3087 facti
716 3036 813 3088 erant.
842 3024 914 3086 iude
938 3042 1042 3085 omnes
1073 3023 1217 3106 deinceps
1242 3034 1383 3107 pretores

346 3112 454 3172 urbani
469 3112 622 3174 fecerant:
645 3114 673 3150 ’⁸
682 3111 736 3174 aed
750 3111 783 3173 in
798 3129 892 3172 unum
908 3129 1018 3172 annum
1033 3111 1194 3188 vovebant,
1216 3109 1323 3191 dieque
1336 3109 1383 3170 in-

344 3209 430 3260 certa
444 3197 607 3261 faciebant.
650 3195 697 3260 Eo
722 3217 804 3260 anno
824 3197 1000 3281 pestilentia
1024 3197 1123 3278 gravis
1146 3195 1256 3258 incidit
1281 3197 1312 3257 iu
1333 3215 1383 3256 ur·

345 3284 416 3347 bem
431 3305 598 3368 agrosque:
622 3305 686 3366 quae
701 3295 805 3346 tamen
830 3285 928 3366 magis
951 3283 984 3344 in
1006 3283 1115 3364 longos
1136 3283 1269 3360 morbos,
1294 3301 1384 3364 quam

345 3372 377 3432 in
399 3372 588 3456 pernicialeq
614 3371 719 3434 evasit
762 3368 836 3454 Ejus
859 3369 1041 3454 pestilentiae
1062 3389 1168 3431 caussa
1188 3380 1221 3431 et
1234 3369 1383 3452 supplica·

344 3469 411 3521 tum
425 3480 479 3543 per
493 3458 630 3542 compita
649 3469 716 3522 tota
732 3458 805 3520 urbe
823 3469 882 3538 est,
907 3469 940 3530 et
962 3454 996 3521 P.
1010 3452 1146 3520 Licinius
1161 3453 1258 3529 Varus
1273 3465 1384 3540 prator

363 3776 401 3817 Ὃ)
415 3777 476 3830 Idan
489 3772 614 3830 et'lidulo
629 3777 757 3844 amun
785 3773 847 3842 lege
878 3775 1067 3830 Romanistulde
1192 3789 1250 3830 erat.

343 3861 397 3896 tum
413 3847 462 3896 lac.
477 3845 613 3895 Perimula:
632 3845 709 3894 uua
722 3856 745 3894 et
782 3846 849 3894 ululo
911 3847 934 3881 ³2
950 3844 966 3874 ⁸
984 3843 1034 3894 Par
1052 3789 1209 3908 &md
1228 3853 1277 3894 not.
1298 3841 1339 3893 59.
1358 3837 1387 3890 sd

342 3912 483 3972 inponerem,
500 3922 527 3960 ut
538 3942 563 3960 ..
577 3911 698 3974 ..Neque
717 3911 780 3960 enim
797 3911 847 3958 'l'u-
881 3923 955 3961 xxtv.
969 3911 1008 3960 ll.

343 3975 407 4033 bulo,
424 3978 464 4039 qui
483 3978 583 4025 nondum
606 3978 629 4023 in
648 3976 785 4040 provinciam
806 3991 847 4024 va·
910 3975 933 4010 ³³
950 3973 965 4004 ⁶
981 3974 1024 4023 Sed
1039 3977 1064 4024 in
1084 3991 1155 4024 unum
1171 3991 1255 4024 mm
1272 3969 1384 4034 malm]

343 4052 420 4099 uerat,
436 4042 571 4105 imperatum
593 4058 642 4090 esse
663 4041 783 4090 verisimile
805 4052 850 4098 ert,
880 4035 973 4092 Quarto
992 4055 1046 4092 aute
1067 4041 1130 4090 huuc
1149 4056 1210 4090 anuo
1228 4044 1277 4106 jam
1295 4051 1387 4088 senatus

343 4115 372 4152 ut
392 4107 417 4154 iu
438 4122 484 4156 una
501 4110 556 4156 urbe
575 4107 722 4156 custodienda
738 4107 847 4156 immora-
879 4107 1019 4164 decreverat,
1037 4117 1063 4154 ut
1079 4107 1128 4156 ludi
1148 4106 1290 4170 Apollinares
1300 4105 1323 4151 ln
1333 4117 1387 4165 pet-

343 4181 418 4233 retur,
446 4174 519 4235 quoad
542 4187 656 4222 ruccemor
678 4171 785 4229 venisset,
810 4173 848 4237 qui
879 4184 976 4236 petuunr
995 4184 1143 4231 voverentur,
1162 4183 1223 4220 reete
1245 4171 1293 4234 ipso
1312 4167 1388 4225 livio,

324 4297 329 4306 ι
343 4235 423 4282 nullus
441 4239 569 4299 designatus
584 4251 643 4299 erat,
660 4239 707 4285 imo
725 4239 792 4300 eujus
807 4239 846 4287 de·
882 4251 956 4286 xxvi.
966 4239 1007 4286 23.
1040 4237 1090 4286 Cur
1104 4237 1127 4284 ei
1141 4232 1337 4285 senatusconsulto
1347 4232 1389 4280 ob·

343 4299 446 4359 signandi
464 4305 552 4352 mentio
573 4316 628 4350 tunc
649 4302 806 4366 intempestiva
824 4313 850 4354 et
881 4311 1036 4362 temperatum
1057 4317 1104 4350 uon
1125 4302 1205 4358 fuerit,
1223 4312 1323 4349 metuere
1340 4312 1389 4346 nou

343 4363 517 4418 absmdasoret.
550 4367 678 4416 'Quodsi
694 4369 725 4416 ita
740 4369 849 4430 est,lege
881 4381 1015 4429 possumus:
1040 4367 1083 4416 nisi
1100 4366 1160 4416 sorte
1179 4363 1321 4414 ueeemarius
1339 4373 1389 4411 erat

344 4443 398 4475 mox
410 4441 519 4480 moercar,
882 4429 957 4496 populi
977 4436 1064 4499 jussus,
1090 4432 1129 4496 qul
1150 4433 1195 4482 hoe
1216 4432 1311 4482 demum
1329 4443 1391 4478 anno

374 4489 504 4560 ΝΜ]
519 4493 557 4544 Ab
567 4495 671 4560 Arreelo,
681 4497 851 4562 queurbetum
883 4495 979 4549 aecedt.
1368 4493 1373 4500 ’
