3092 5200
337 373 395 439 198
535 387 538 394 ’
628 371 644 422 -“
729 363 1013 432 'imiimi'

168 537 315 596 uuam.
336 535 400 588 ει*
420 523 471 588 sia
494 523 585 604 longe
604 521 839 606 perequitasset,
857 523 950 585 ‘nullo
963 518 1054 586 obvio
1069 522 1162 587 hoste
1192 539 1215 585 n
1234 541 1379 607 campum

169 603 201 653 Δ·
210 603 241 656 ⁰·
251 605 312 658 2¹⁵³
336 631 452 675 rursum
466 621 598 688 evectus,
612 611 771 693 Increpans
787 611 940 692 ignaviam
955 610 1062 689 bostis,
1087 631 1159 673 cum
1172 630 1287 692 magno
1302 631 1379 692 gau·

337 699 389 760 dio
417 709 451 760 et
478 697 684 778 gratulmimte
712 695 810 758 victor
836 697 868 759 in
892 706 994 760 eastra
1015 698 1107 760 redit.
1159 695 1242 760 Huic
1270 717 1380 780 pugnae

226 781 229 789 ’
335 784 467 866 equestri
481 803 545 846 rem
572 781 611 862 (¹⁸
626 801 721 866 quarn
734 783 809 844 satis
823 794 939 845 certsru
951 792 975 861 ⁸,
997 785 1167 847 eommunis
1190 784 1378 848 existimatio

334 871 394 953 est)
418 869 589 936 mirabilem
604 881 699 950 certe,
719 867 869 950 adjiciunt
882 867 1163 951 quidamsnnales:
1187 889 1282 952 quum
1296 869 1379 932 relia-

334 958 470 1040 gientear
496 955 537 1020 ad
561 956 667 1019 urbem
695 953 848 1018 'lauream
876 954 1021 1018 Claudius
1047 969 1234 1039 sequeretur,
1259 959 1377 1039 patenti

334 1043 471 1108 bostium
490 1054 585 1127 ports
604 1043 767 1119 invectum,
791 1063 847 1125 per
860 1042 999 1121 alteram,
1017 1045 1209 1129 stupentibus
1230 1044 1377 1108 miraculo

336 1131 484 1208 hostibus,
506 1130 656 1193 intactum
670 1129 808 1191 ermisee

378 1214 521 1279 XLVIII.
543 1216 657 1288 Quieta
681 1215 752 1279 inde
774 1216 888 1279 stativa
909 1215 1002 1297 tuere,
1022 1238 1061 1280 ac
1082 1229 1162 1282 retro
1185 1219 1278 1282 etiam
1301 1240 1376 1281 con·

332 1305 381 1368 sul
397 1304 492 1368 movit
506 1314 617 1382 castra,
637 1313 674 1364 ut
687 1315 856 1366 sementem
869 1301 1020 1386 Campani
1043 1304 1201 1370 bessem:
1230 1327 1288 1374 nec
1305 1319 1378 1368 ante

333 1391 457 1454 viuum
484 1410 590 1471 ugrum
618 1388 821 1472 Campanum,
853 1411 946 1472 quam
971 1389 1038 1473 jam
1067 1393 1137 1455 altas
1164 1393 1196 1454 in
1225 1394 1377 1475 segetibus

334 1477 436 1542 lrerboe
453 1477 602 1561 pabulum
625 1477 758 1560 prebere
781 1487 937 1560 poterant.
960 1477 994 1540 id
1008 1479 1152 1541 convexit
1163 1479 1196 1540 in
1210 1478 1379 1542 enudans

334 1577 438 1627 castra
470 1584 560 1648 super
584 1560 784 1640 Suessulam
821 1563 924 1644 ibique
953 1565 1082 1627 bibcma
1109 1565 1279 1629 edificavit.
1330 1562 1380 1628 M.

334 1650 467 1714 Claudio
491 1649 662 1735 proconsuli
685 1649 856 1732 Imperavit,
881 1655 925 1729 u't,
951 1646 1073 1714 retento
1098 1649 1187 1713 Nolae
1211 1653 1381 1716 necessario

333 1737 537 1806 adtuendam
550 1737 657 1799 urbem
670 1735 822 1819 praesidio,
840 1748 966 1799 eeteros
989 1738 1103 1800 milites
1123 1737 1294 1801 dimitteret
1314 1736 1380 1800 Ro-

335 1843 431 1904 mam,
450 1845 490 1886 ne
503 1824 589 1886 oneri
608 1822 711 1901 sociis,
732 1834 766 1885 et
785 1824 900 1886 sumtui
921 1824 1095 1906 reipublice
1114 1837 1227 1887 essent.
1270 1823 1312 1887 Et
1328 1823 1380 1886 Ili.

336 1909 492 1974 Graculum
516 1932 537 1973 a
559 1909 665 1972 Cumis
679 1907 838 1972 Luceriam
852 1910 885 1972 in
899 1907 1044 1993 Apuliam
1057 1911 1193 1993 legiones
1218 1914 1244 1958 ¹7
1259 1909 1379 1994 quarnb

337 1997 483 2076 duxisset,
505 1994 553 2060 M.
574 1995 729 2059 Valerium
751 1996 825 2057 inde
845 2009 1004 2079 praetorem
1018 1995 1223 2076 Brundisium,
1246 2019 1315 2059 cum
1330 2019 1378 2076 eo,

336 2105 428 2166 quem
450 2083 585 2147 lucetis
609 2083 768 2161 habuerat,
794 2084 932 2146 exercitu
952 2084 1047 2161 misit,
1060 2085 1197 2166 tuerique
1212 2104 1298 2146 oram
1312 2083 1379 2164 agri

338 2167 498 2234 Sallentini
518 2181 541 2248 ⁰,
572 2180 606 2232 et
626 2169 793 2252 providere,
826 2170 910 2251 quod
935 2171 975 2232 sd
1004 2169 1176 2254 Philippum
1205 2172 1379 2252 bellumque

337 2253 576 2318 Macedonicum
598 2257 758 2334 adtineret,
785 2254 889 2339 jussit.
940 2255 1035 2320 Exitu
1064 2258 1178 2320 testatis
1213 2257 1289 2339 ejus,
1319 2275 1382 2338 qua

192 2347 207 2426 Ἰ
263 2409 269 2422 ,
335 2342 400 2404 baec
425 2353 513 2424 gesta
540 2343 779 2426 perscripsimus,
808 2343 902 2408 literae
923 2364 951 2405 a
978 2342 1014 2406 P.
1039 2356 1072 2406 et
1101 2343 1159 2406 Cu.
1187 2341 1381 2428 Scipionibus

285 2443 292 2458 ·
338 2440 495 2508 venerunt,
517 2439 655 2510 quantas,
678 2449 830 2512 quamque
854 2449 1012 2514 prosperas
1033 2431 1067 2492 in
1084 2426 1236 2512 Hispania
1249 2451 1298 2492 res
1311 2451 1381 2512 ges·

338 2517 458 2584 sinent.
472 2517 527 2579 sed
540 2516 702 2601 pemmiam
716 2517 748 2579 iu
771 2517 970 2600 stipendium,
990 2517 1242 2600 vestimentaque,
1264 2531 1297 2579 et
1318 2517 1381 2577 im.

340 2618 477 2669 mentum
491 2603 650 2682 exercitui,
672 2614 704 2667 et
719 2604 810 2667 sociis
826 2605 981 2667 navalibus
1006 2606 1112 2667 omnia
1134 2603 1247 2667 deesse.
1290 2602 1382 2674 Quod

341 2692 380 2757 sd
394 2690 580 2777 stipendium
595 2691 742 2770 adtineat,
757 2691 783 2755 si
807 2692 944 2754 erarium
967 2692 1056 2775 inops
1079 2702 1167 2771 esset,
1188 2714 1221 2754 se
1247 2689 1380 2771 aliquam

339 2779 488 2845 rationem
514 2777 651 2858 inituros,
677 2798 738 2859 quo
761 2778 855 2841 modo
882 2778 921 2840 ab
952 2776 1097 2861 Hispanis
1122 2789 1253 2841 sumant.
1278 2788 1382 2838 cetera

322 2867 443 2947 utique
467 2866 508 2927 ab
534 2864 633 2927 Roma
657 2864 809 2927 mittenda
833 2886 921 2927 esse:
952 2886 1010 2927 neo
1033 2866 1122 2927 aliter
1140 2876 1194 2927 aut
1210 2863 1378 2925 exereitum

340 2964 393 3015 aut
417 2951 602 3037 provinciam
628 2953 653 2991 ¹⁸
668 2950 824 3013 retinerid
844 2972 945 3034 posse.
988 2950 1098 3015 literis
1122 2951 1267 3030 recitatis,
1289 2968 1381 3011 nemo

338 3040 474 3103 omnium
500 3050 576 3119 erat,
598 3039 682 3122 quin,
704 3048 737 3101 et
749 3059 822 3100 vera
834 3038 937 3119 scribi,
958 3049 991 3101 et
1014 3038 1161 3121 postulari
1186 3058 1282 3120 nqua,
1303 3036 1381 3097 iate·

338 3138 441 3190 retur:
473 3126 527 3189 sed
552 3126 732 3188 obcurrebat
756 3125 877 3203 animis,
897 3135 1028 3206 quantos
1052 3125 1203 3190 exercitus
1224 3133 1382 3186 terrestres

203 3216 205 3221 ’
335 3214 519 3296 navalesque
543 3225 710 3291 tuerentur,
734 3223 908 3293 quantaque
932 3232 1012 3274 nova
1037 3211 1141 3273 classis
1162 3233 1236 3274 mox
1250 3208 1383 3295 paranda

173 3305 295 3385 mano·
338 3314 430 3380 esset,
465 3301 490 3363 si
516 3300 631 3365 bellum
656 3296 895 3363 Macedonicum
922 3309 1103 3361 moveretur.
1158 3296 1295 3361 Siciliam
1320 3302 1383 3357 ac·

172 3386 318 3437 ‘mm'
338 3384 521 3463 Sardiniam,
542 3406 609 3467 quse
635 3397 706 3447 mae
731 3385 842 3449 bellum
866 3384 1031 3467 vectigales
1054 3384 1192 3463 fuissent,
1210 3384 1263 3450 vix
1282 3380 1384 3464 prasi-

339 3474 391 3537 des
416 3472 638 3555 provinciarum
661 3470 813 3533 exercitus
829 3471 929 3534 alere:
954 3474 979 3512 ¹⁸
994 3470 1109 3534 tributo
1131 3484 1248 3533 sumtus
1272 3468 1384 3550 subpe-

340 3558 440 3623 ditorl.
484 3560 511 3597 ¹⁰
535 3555 650 3639 qmm‘
670 3556 770 3641 ipsum
797 3558 942 3622 tributum
974 3556 1196 3623 conferentium
1222 3572 1384 3619 numerum

335 3654 608 3722 ⁸rel.eaDoer.lIup.
729 3658 1102 3710 *mummtmerust
1215 3654 1384 3708 taenaron,

369 3721 573 3771 ‘mfflds
635 3720 829 3785 dfflmssflps
872 3731 906 3761 ἰ
920 3723 1107 3778 “mamb
1139 3766 1144 3772 .
1179 3720 1383 3789 ‘mlum

333 3804 391 3839 *etan
402 3787 478 3837 Grau.
487 3802 564 3837 mrum
573 3802 641 3851 querna
652 3785 721 3835 cres.
732 3802 782 3837 eum
791 3788 866 3841 Daer.
877 3784 940 3855 liup.

371 3870 392 3908 ¹⁶
408 3869 481 3927 Quam
498 3870 551 3918 autb
564 3865 657 3935 mian]
672 3868 803 3918 Grmroriut
815 3885 846 3921 ex
912 3870 933 3908 ¹⁸
949 3868 1127 3937 Μνήμων]
1147 3870 1194 3921 llic
1206 3866 1389 3933 muatscrlpti.

335 3936 436 3997 vestigiis
457 3934 526 3983 Met.
542 3933 609 3983 aliem
620 3934 702 3983 format
712 3933 846 3995 lectionem,
877 3935 985 3999 Plerime
1005 3938 1094 3987 habant
1114 3938 1215 3985 anistri.
1255 3934 1388 3983 versasse

337 4020 390 4069 quse
404 4002 465 4061 baud
481 4000 548 4069 psulo
559 3999 640 4049 melior
650 4000 755 4049 ridetur:
775 3999 848 4056 Qum
877 4017 955 4051 veram
971 4003 1081 4053 exhibere
1101 4000 1192 4050 videtur
1209 3999 1268 4049 Livii
1285 4012 1389 4055 muru,

336 4084 389 4117 uem
398 4071 436 4131 sit,
446 4068 563 4116 cosumus
572 4066 700 4114 mutastis
709 4074 752 4114 est:
770 4066 794 4113 id
804 4078 849 4125 eat,
878 4068 978 4116 Μηνὶ.

334 4148 407 4197 quam
429 4148 483 4183 cere
502 4132 541 4189 sit.
561 4130 655 4194 quilibet
676 4145 716 4195 per
736 4146 762 4180 ae
780 4131 845 4195 ludl-
908 4131 930 4168 ¹⁹
946 4130 1050 4194 Tritura]
1063 4129 1183 4180 Aciaibtu
1192 4126 1386 4189 collato,'quum

335 4212 389 4246 care
399 4210 481 4261 potest.
517 4196 609 4245 vEodem
620 4210 688 4245 musa
698 4194 714 4243 l.
728 4210 763 4246 ιν.
775 4210 795 4249 t.
804 4198 845 4259 Μ,
873 4193 922 4262 lam
930 4196 1047 4258 ramigniis
1056 4212 1086 4244 ex
1095 4192 1219 4260 praeludit
1224 4191 1372 4243 ductisunt.

333 4262 425 4325 acripm
450 4262 539 4311 Lirinus
573 4262 702 4311 trininatis
730 4262 847 4309 mnnuois
909 4262 932 4296 Φ
948 4260 1023 4314 Quasi
1046 4264 1119 4323 ipsisne
1142 4259 1253 4307 tributus·
1272 4255 1388 4322 sanson·

338 4328 482 4376 madescat
836 4356 840 4361 -
877 4327 934 4375 rto·
958 4340 1074 4375 numm
1086 4360 1093 4373 .
1105 4359 1113 4372 .
1125 4323 1313 4381 μω,
1339 4330 1389 4371 test

333 4412 334 4423 π
371 4389 394 4428 ³⁷
417 4390 474 4440 esa
491 4390 594 4455 darien]
623 4389 776 4455 lleposuimus
795 4406 846 4439 tun
875 4390 1064 4455 quianam]
1081 4389 1282 4454 Repraeacnternm
1295 4387 1336 4437 hic
1348 4403 1389 4436 re·

332 4457 452 4520 padum,
464 4455 593 4503 aumcribsu
604 4455 845 4519 scriptisnostrisom·
876 4468 954 4506 terum
973 4456 1086 4505 editorum
1107 4454 1242 4515 laudonem
1260 4468 1330 4517 qnam
1345 4452 1389 4501 tir.

338 4520 416 4588 nibus,
426 4530 451 4572 et
462 4520 599 4587 principissa
607 4520 753 4575 editionibus.
804 4552 814 4561 ··
830 4552 837 4562 ·
874 4521 1128 4577 nutantem
1141 4519 1258 4593 purique,
1272 4519 1316 4573 sut
1326 4517 1388 4585 qnod
