3092 5200
538 354 616 418 Lm.
629 354 730 417 xxrt
750 356 834 419 CAP.
845 356 959 418 XXVI.
1172 374 1179 389 ‘
1206 366 1261 421 101

218 513 230 547 ‘
244 532 299 575 nec
312 524 417 576 tamen
433 514 460 552 ³⁵
471 512 562 575 neira
572 513 694 596 quidem
705 510 787 595 prius
797 510 980 575 mittendum
991 510 1031 572 ad
1042 511 1207 574 exercitum
1219 512 1259 583 Q.
1273 530 1307 587 u,
1319 533 1348 581 c.
1359 535 1419 581 nes.

219 600 230 633 ‘
245 598 380 677 Fabium,
402 619 495 683 quarn
515 600 670 660 consulem
685 599 717 659 in
736 598 838 659 locum
854 596 890 659 C.
901 596 1041 660 Flaminii
1058 598 1258 661 subiecisset'-
1269 596 1303 650 d·
1315 597 1413 671 ,bl-²¹⁷·

216 683 358 748 Dictator
377 685 574 747 concionibus
595 706 628 746 se
650 684 805 761 abstinuit,
829 684 897 746 ”in
921 684 1043 746 actione
1058 684 1183 745 minime
1199 706 1255 767 po·
1269 660 1391 785 ἓξὲξ

214 772 337 855 pularis.
357 792 396 833 ne
411 772 442 832 in
457 781 565 833 senatu
585 770 707 854 quidem
729 771 804 832 satis
819 770 911 851 aequis
930 771 1051 831 auribus
1065 770 1255 849 audiebatur,
1268 778 1328 853 spur
1338 802 1406 839 reu·

214 871 289 920 tunc
313 879 408 939 quum
431 858 550 921 hostem
569 857 667 919 verbis
682 846 860 934 extolleret,
884 855 1058 937 bienniique
1084 856 1186 919 clades
1202 878 1255 939 per
1267 868 1328 906 ¹⁰⁸¹·

215 944 421 1007 temeritatem
429 956 521 1025 atque
532 943 723 1005 inscientiam
735 943 847 1005 ducum
858 952 999 1024 acceptas
1008 942 1152 1005 referret:
1168 942 1255 1005 ‘ina-

215 1030 553 1113 ‘gistroqueequitum
569 1030 652 1111 quod
662 1040 771 1091 eontra
783 1028 899 1091 dictum
913 1050 999 1089 suurn
1016 1040 1189 1110 pugnasset,
1206 1050 1255 1091 ra·

213 1114 365 1180 ‘tionem’
375 1118 490 1179 diceret
506 1116 712 1177 ‘reddendam
721 1136 798 1177 esse.
821 1113 853 1175 Si
867 1136 959 1197 penes
968 1136 1000 1175 se
1010 1136 1127 1176 summa
1136 1116 1256 1197 imperii

214 1201 226 1234 ‘
240 1203 417 1287 consiliique
426 1202 659 1285 sitpropediern
668 1202 857 1277 effecturum,
866 1212 901 1263 ut
910 1201 1008 1263 sciant
1018 1202 1257 1279 homirrcS,bono

213 1286 226 1321 ‘
241 1289 417 1372 imperatori
429 1288 511 1349 haud
520 1289 623 1369 magni
634 1288 788 1349 fortunam
801 1288 947 1349 momenti
958 1308 1042 1349 esse:
1059 1300 1193 1349 mentem
1207 1308 1255 1349 ra-

212 1372 225 1407 ‘
241 1375 417 1457 tionemque
429 1375 588 1437 dominari.
621 1371 662 1437 se
672 1377 698 1420 ³⁷
708 1375 740 1435 in
749 1386 888 1457 tempore
896 1384 928 1435 et
938 1374 1003 1436 sine
1014 1374 1183 1455 ignominia
1192 1395 1257 1435 scr·

213 1461 608 1543 ‘vasseexercitum,quam
618 1460 714 1521 multa
725 1460 822 1521 millia
830 1460 962 1521 hostium
973 1461 1148 1537 occidisse¹,
1159 1458 1256 1541 majo·
1360 1520 1363 1533 ,

214 1547 226 1580 ‘
242 1569 307 1609 rem
317 1547 448 1628 gloriam
457 1543 543 1607 esse?
566 1544 666 1625 Hujus
676 1547 793 1626 generis
809 1546 996 1608 orationibus
1010 1546 1123 1609 frustra
1133 1547 1258 1624 habitis,

187 1685 191 1691 .
216 1643 249 1693 et
265 1632 388 1693 consule
403 1643 508 1692 creato
523 1628 570 1691 bl.
580 1631 675 1692 Atilio
691 1630 821 1711 Regulo,
833 1652 871 1691 ne
883 1652 1013 1713 praesens
1026 1632 1064 1693 de
1074 1632 1144 1714 jure
1159 1634 1256 1714 irnpe-
1271 1642 1309 1693 Μ.
1318 1643 1404 1691 nitrias

217 1718 254 1777 rii
271 1716 442 1793 dimicaret,
467 1715 565 1797 pridie
590 1735 681 1796 quarn
706 1717 872 1796 rogationis
896 1716 1025 1778 ferendae
1048 1719 1113 1780 dies
1128 1719 1258 1796 adesset,
1270 1708 1387 1757 ”blm

217 1813 310 1863 nocte
330 1803 368 1863 ad
394 1801 562 1863 exercitum
587 1801 672 1862 abiit.
716 1800 798 1861 Luce
821 1813 899 1879 orta,
920 1822 1012 1884 quum
1036 1804 1132 1884 plebis
1154 1804 1258 1865 couci·
1272 1773 1327 1821 ⁰⁰*

218 1884 294 1949 liunt
308 1899 399 1965 esset,
422 1888 520 1967 magis
535 1888 630 1948 tacita
652 1886 767 1948 invidia
788 1886 944 1948 dictatoris
966 1886 1109 1969 favorque
1124 1888 1260 1969 magistri

218 1973 356 2055 equiturn
379 1972 499 2035 animos
513 1972 663 2047 versabat,
688 1992 780 2055 quarn
805 1973 879 2035 satis
901 1973 1056 2035 audebant
1070 1974 1206 2035 homines
1222 1974 1262 2035 ad

215 2058 416 2136 suadendum,
440 2059 524 2140 quod
538 2059 629 2139 vulgo
650 2058 802 2141 placebat,
827 2058 966 2141 prodire:
991 2072 1033 2135 et,
1058 2060 1195 2122 ³⁸savore
1210 2080 1260 2121 su-

216 2157 355 2229 perante,
375 2146 542 2207 auctoritas
557 2156 660 2205 tamen
674 2145 828 2227 rogationi
852 2146 966 2207 deerat.
1011 2144 1100 2209 Unus
1122 2146 1262 2208 inventus
1349 2186 1355 2195 ·

216 2244 265 2295 est
286 2253 391 2293 suasor
415 2230 490 2311 legis
505 2228 711 2292 C.Terentius
726 2228 835 2308 Varro,
859 2232 910 2313 qui
933 2232 1033 2313 priore
1056 2254 1137 2294 anno
1152 2244 1262 2316 prator
1275 2241 1401 2294 exrem-

219 2317 329 2395 fuerat‚
354 2317 424 2378 loco
447 2338 509 2379 non
533 2316 640 2378 humili
664 2317 775 2394 solum,
801 2317 855 2378 sed
882 2317 975 2379 etiarn
1006 2318 1140 2397 sordido,
1167 2330 1261 2383 ortus.
1274 2312 1321 2359 ¹³⁰⁸
1331 2310 1416 2359 Vm·

188 2470 193 2479 ,
217 2413 336 2486 patrem
350 2403 465 2464 lanium
487 2402 580 2465 luisse
603 2401 715 2480 ferunt,
738 2404 838 2486 ipsum
855 2404 1025 2467 institorem
1039 2407 1159 2483 mercis,
1182 2404 1262 2469 lilio·

217 2509 276 2570 que
292 2488 350 2550 hoc
365 2489 432 2571 ipso
446 2488 477 2549 in
493 2485 612 2549 servilia
626 2488 692 2568 ejus
707 2490 779 2550 artis
795 2489 962 2551 ministeria
976 2512 1075 2553 usum.

257 2572 376 2638 XXVI.
399 2572 429 2637 ls
450 2572 581 2657 juvenis,
605 2574 656 2635 ubi
682 2595 773 2636 exeo
799 2594 910 2656 genere
935 2589 1064 2660 quastus
1089 2580 1218 2662 pecnnia
1244 2603 1267 2644 a

113 2723 123 2730 .
216 2673 304 2745 patre
320 2663 428 2724 relicta
441 2661 560 2722 animos
575 2661 614 2721 ad
636 2681 722 2742 spem
738 2661 917 2724 liberalioris
932 2663 1060 2728 fortunae
1076 2665 1159 2745 feeit,
1177 2671 1203 2707 ³⁹
1214 2679 1264 2730 to·

218 2769 318 2832 gaque
334 2760 367 2810 et
382 2748 481 2810 forum
502 2747 655 2829 placuere,
669 2747 890 2829 proclamando
904 2769 960 2830 pro
980 2751 1110 2812 sordidis
1131 2753 1267 2814 homini-

218 2835 275 2896 bus
289 2835 462 2917 caussisque
478 2833 621 2894 adversus
636 2853 700 2894 rem
723 2844 755 2894 et
769 2833 882 2896 famam
905 2835 1065 2916 bonorum,
1085 2837 1215 2920 primurn
1231 2841 1265 2902 in

187 2987 191 2996 ,
217 2920 360 2982 notitiam
389 2919 505 3001 populi,
531 2917 640 2979 deinde
671 2917 710 2980 ad
739 2919 871 2981 honores
898 2923 1046 3002 pervenit.
1080 2927 1107 2961 ⁴⁰
1117 2923 1267 3004 quaestrua

162 3021 170 3037 ⁸
219 3025 340 3085 quoque
363 3016 397 3065 et
420 3005 538 3066 duabus
559 3003 763 3080 aedilitatibus,
785 3004 904 3085 plebeia
924 3017 957 3066 et
978 3008 1084 3085 curuli,
1109 3023 1268 3092 postremo

219 3099 252 3151 et
266 3099 397 3170 praetura
411 3088 599 3170 perfunctus,
614 3086 682 3168 jorn
704 3087 745 3150 ad
759 3088 934 3150 consulatus
955 3112 1040 3172 spern
1056 3113 1147 3174 quum
1162 3095 1268 3156 adtol-

220 3174 298 3238 leret
321 3175 451 3252 animos,
475 3172 560 3234 haud
583 3192 691 3252 parurn
715 3172 825 3233 callide
848 3193 953 3234 auram
978 3175 1088 3238 favoris
1111 3179 1268 3259 popularis

216 3279 259 3324 cx
274 3259 438 3323 dictatoria
455 3258 569 3322 invidia
577 3257 676 3340 petiit,
691 3257 819 3341 scitique
834 3258 933 3342 plebis
947 3279 1023 3325 unus
1039 3263 1169 3348 gratiam
1185 3264 1267 3332 tulit.

584 3429 594 3455 ⁸
604 3423 656 3477 add.
667 3427 747 3482 duem
757 3431 830 3486 Gran.
841 3433 911 3488 Cret.

182 3626 184 3629 Ι
247 3567 269 3605 ⁸⁵
286 3566 322 3633 Ne
345 3573 378 3619 tra
397 3571 494 3636 pidem]
519 3573 609 3656 Nelea
631 3579 726 3642 quidem
753 3583 821 3646 cirus,
838 3603 885 3638 non
899 3600 926 3638 ut
946 3588 1051 3655 periculis
1071 3605 1197 3656 pugnarum
1219 3586 1265 3644 ob:

213 3633 307 3710 decreta
325 3651 360 3693 rc,
381 3652 412 3715 ne
430 3644 632 3718 qquatoqurdern
648 3645 722 3696 dicta·
750 3651 873 3714 liceretur.

213 3711 273 3746 rons
299 3711 324 3748 er
350 3714 454 3778 magum
483 3719 587 3768 equnrun
618 3710 722 3774 imperio.
785 3717 808 3752 ³⁸
826 3719 840 3748 ⁸
854 3717 937 3768 Furore
953 3730 1067 3783 cuprum
1086 3725 1204 3773 ranerius
1222 3735 1259 3774 ra·

213 3761 277 3842 ·Quq
297 3763 401 3844 plmbnc
429 3767 493 3846 qelut
519 3771 723 3826 fruniscantur
752 3780 814 3847 ιιιαι]
832 3783 943 3832 ammei·
960 3787 1025 3838 letor
1038 3797 1099 3834 eust
1119 3788 1264 3848 immodicus,

213 3829 325 3878 rodarum
343 3834 461 3912 dictatoria
480 3845 625 3915 potestatem,
648 3841 723 3891 tribu·
754 3847 856 3905 quamvis
872 3849 973 3898 foverent
990 3851 1091 3914 impense
1102 3861 1126 3898 cr
1137 3852 1197 3900 ultre
1208 3869 1260 3902 rno-

213 3908 259 3943 uua
273 3909 321 3943 uon
333 3913 425 3974 ‘aquari
442 3900 512 3948 modo
526 3901 625 3977 rllruvult
641 3907 722 3968 magis.
752 3909 808 3958 duur
823 3914 931 3974 rogationi
950 3915 1063 3972 homines,
1085 3915 1162 3964 deerat
1181 3927 1260 3968 tamen

212 3970 276 4008 ιιιιιιι
286 3973 402 4023 eqourum,
418 3966 459 4012 red
476 3974 501 4012 et
519 3981 569 4026 rogr
585 3982 640 4016 euru
655 3971 722 4020 tuffi-
753 3973 793 4036 qui
812 3991 837 4024 ro
856 3990 976 4028 auctorem
992 3993 1152 4042 summusque
1163 3981 1259 4043 cirogr-

213 4038 267 4100 cers
291 4027 408 4076 mulam
430 4043 455 4076 m
473 4030 723 4096 larome-Firmani,
752 4039 942 4104 rioniproebcrer.

213 4087 433 4168 qur-lloruepruit
446 4095 502 4142 auu
520 4094 620 4146 dictator
635 4099 663 4146 ar
680 4115 723 4153 cn,
784 4103 807 4140 ³⁹
824 4105 838 4136 ὓ
852 4105 924 4169 Toga]
947 4105 1105 4168 vargorum
1116 4119 1140 4154 er
1156 4109 1260 4159 sordidus

212 4167 311 4204 mura
322 4169 374 4235 ent.
750 4167 862 4232 popellum,
877 4187 924 4232 quo
933 4186 961 4218 ex
971 4187 1055 4232 genere
1066 4183 1130 4220 ortus
1142 4184 1190 4221 erat
1198 4171 1258 4222 Ver.

186 4272 190 4276 Α
222 4217 652 4296 '³⁶lnactou11nrgcndaquuru
668 4242 718 4278 crr-
750 4247 786 4293 ro,
797 4235 820 4282 iu
829 4236 906 4283 tunica
917 4235 1054 4286 incedebat:
1074 4247 1256 4300 tegmentum·

210 4293 246 4332 tro
254 4282 289 4332 itu
298 4285 403 4335 habands
412 4300 473 4338 etet
481 4290 513 4346 ιδ,
519 4291 637 4354 populum.
749 4313 828 4361 quam,
840 4311 879 4348 aut
887 4315 978 4364 perraro
988 4301 1102 4352 urcbrrur.

245 4345 268 4385 ³⁷
283 4347 424 4416 Inrupere]
442 4353 601 4420 Temperans,
611 4355 649 4404 ubi
660 4356 718 4405 ratio
782 4363 806 4396 ⁴⁰
821 4362 937 4417 Quartum
955 4365 1049 4432 quoquc]
1066 4366 1141 4429 Mar·
1156 4365 1256 4432 placeret

212 4419 341 4488 temporem
351 4415 375 4464 id
384 4417 525 4480 postularem
540 4419 580 4469 ubi
589 4435 646 4484 opta
656 4431 717 4476 eret
748 4433 904 4494 quocumque.

211 4491 243 4526 co
255 4481 344 4532 mendi
358 4496 446 4545 m,
461 4495 487 4536 m
502 4499 631 4535 martur
648 4499 715 4537 caer.
