3092 5200
447 371 524 434 LlB.
538 369 623 434 xxi.
647 369 733 432 CAP.
747 369 894 431 xxxin
1007 403 1015 428 ι
1159 369 1198 430 ὓ

152 546 244 610 eninm
258 525 445 612 provinciam
467 526 592 590 cortinis
618 536 695 602 erat,
720 520 778 584 Cn.
793 518 971 605 Scipionem
985 518 1351 586 basanbrunnum.

152 615 288 678 mexima
301 627 388 697 parte
408 611 567 698 copismm
589 611 730 674 adversus
756 608 980 695 Hasdrubalem
1004 607 1110 684 misit3
1132 600 1347 670 noum-²¹⁸·

152 701 192 762 sd
209 701 359 764 tuendos¹
378 700 592 766 tantummodo
606 709 723 762 veteres
737 700 838 759 socios
855 693 1122 774 conciliandosque
1136 713 1194 754 no-
1313 755 1316 759 ,

98 855 102 862 ,
150 807 216 865 ros,
242 788 409 852 sedetiam
435 786 475 849 sd
499 785 674 870 pellendum
698 783 850 866 Hispania
871 780 1106 848 Hasdrubalem.
1128 779 1195 860 ipsc

151 894 221 936 cum
239 874 406 938 admodum
420 874 539 956 exiguis
560 873 657 956 copiis
671 868 812 934 Genuam
826 868 949 951 repetit,
969 888 1016 944 eo,
1035 867 1087 949 qui
1112 865 1195 928 circa

152 958 270 1022 Padum
297 973 374 1035 erat,
410 960 545 1024 exercitu
575 959 695 1022 ltaliam
725 957 913 1020 defensurus.
969 951 1126 1016 Hannibal
1154 951 1195 1014 ab
1245 998 1248 1003 .

151 1043 302 1114 Druentia
326 1047 489 1136 campestri
515 1047 648 1110 maxime
674 1045 784 1108 itinere
808 1045 915 1109 '‘cum
943 1043 1026 1104 bona
1052 1059 1127 1124 paee
1155 1038 1194 1101 ad

150 1131 266 1214 Alpes·
281 1134 479 1198 incolentium
491 1155 529 1196 cs
542 1133 611 1196 ioca
625 1129 782 1194 Gallorum
795 1131 941 1214 pervenit.
982 1125 1075 1207 Tum,
1086 1147 1194 1209 quam
1205 1145 1326 1196 tinnitu

152 1241 245 1302 quarn
270 1220 352 1285 foma
376 1222 459 1305 priris
481 1219 555 1302 (qus
578 1219 695 1282 incerta
720 1219 751 1280 in
778 1215 876 1298 mejite
899 1237 971 1278 vcro
990 1216 1061 1279 ferri
1080 1212 1192 1293 soient)
1206 1212 1343 1262 “mitffl·
1449 1293 1455 1303 Ι

152 1309 342 1390 ³·prscepta
371 1329 417 1370 res
446 1317 522 1387 erat,
552 1317 655 1370 tamen
686 1325 725 1368 ex
752 1303 925 1387 propinquo
952 1303 1018 1365 visa
1044 1302 1196 1367 montium
1207 1294 1257 1344 μ’·

154 1392 296 1472 altitudo,
318 1394 461 1477 niveoque
487 1394 567 1456 coslo
589 1413 684 1476 prope
708 1391 855 1468 immitte,
877 1400 962 1452 tecta
985 1389 1129 1452 informia
1149 1388 1196 1449 in·

152 1480 255 1562 posita
279 1482 414 1564 rupibus,
441 1501 554 1564 pecora
573 1477 772 1562 jumentaque
802 1477 919 1544 torrida
947 1476 1071 1560 frigore,
1095 1476 1198 1538 bomi-

153 1585 210 1628 nss
225 1566 338 1630 intonsi
358 1579 391 1630 et
408 1568 525 1645 inculti,
545 1567 688 1630 animalia
708 1566 923 1646 inanimaquei
941 1564 1047 1626 omnia
1065 1562 1199 1644 rigentia

154 1653 238 1734 gelu,
253 1665 355 1716 cetera
366 1654 443 1732 risu,
467 1675 558 1736 quem
574 1653 669 1729 dictu,
684 1652 824 1729 loediom,
838 1663 985 1714 terrorem
1005 1660 1198 1714 renovarunt.

155 1735 353 1820 Brigantibus
367 1740 399 1800 in
414 1739 529 1822 primos
549 1759 658 1820 agmen
678 1738 771 1799 clivos
791 1737 998 1819 adpameruut
1015 1737 1199 1799 brminsntes

157 1825 294 1890 tumulos
313 1824 480 1888 insidentes
499 1824 657 1886 montanis
681 1824 743 1906 qui,
767 1824 792 1884 si
815 1823 909 1884 valles
922 1823 1103 1884 occultiores
1118 1824 1200 1884 inse·

156 1909 284 1987 dissent,
309 1911 406 1974 coorti
430 1911 461 1972 in
510 1929 623 1992 trgum
647 1921 785 1992 repente,
811 1908 968 1989 ingentem
993 1907 1096 1989 lugam
1120 1919 1201 1970 stra·

155 2015 287 2078 gemquc
298 1996 463 2077 dedissent.
528 1995 651 2058 annibal
661 1996 828 2058 consistere
838 1993 1032 2080 signajubct3
1048 1992 1202 2078 Gallisque

157 2082 197 2144 nd
221 2082 347 2144 visentis
374 2083 442 2144 locu
467 2081 640 2166 promissis,
669 2093 832 2166 postquam
857 2081 1017 2163 comperit,
1041 2081 1203 2144 transimm

157 2189 194 2230 en
223 2189 284 2230 non
313 2189 390 2246 esso,
419 2180 519 2235 eastra
541 2169 621 2230 inter
645 2169 826 2250 confragosa
852 2165 957 2229 omnia
981 2179 1203 2315 praruqotqqqre,

158 2275 249 2334 quam
267 2255 486 2318 extentissima
511 2265 615 2338 potest
641 2255 730 2334 veile,
756 2255 847 2317 locat.
890 2252 972 2315 tim
1000 2275 1055 2336 per
1170 2274 1201 2315 m

158 2337 273 2420 Galim,
301 2342 385 2404 baud
410 2361 483 2403 sane
508 2341 638 2402 muitum
659 2341 762 2422 lingue
782 2340 976 2420 moribusque
995 2339 1203 2419 abhorrentes,

158 2447 251 2509 quum
270 2447 303 2487 se
321 2428 549 2490 inmiscuissent
570 2425 740 2505 conloquiis
761 2438 987 2504 montanorum,
1008 2426 1135 2488 eduam
1155 2427 1202 2487 in-

158 2513 260 2576 terdiu
288 2523 406 2576 tannim
441 2511 575 2574 obsideri
606 2513 729 2588 saitun,
765 2522 858 2573 nocte
890 2513 923 2578 in
962 2531 1019 2574 sua
1053 2531 1204 2602 quemque

161 2600 255 2663 dilabi
286 2610 390 2678 tecm
431 2600 498 2663 luce
529 2599 627 2681 prima
663 2598 756 2660 subiit
785 2596 930 2676 tumulos,
965 2610 1001 2662 ut
1029 2620 1068 2661 ex
1098 2610 1204 2681 aperto

160 2698 250 2771 atque
270 2687 402 2751 interdiu
422 2690 450 2727 ⁴⁰
460 2686 544 2749 vim¹¹
566 2705 620 2767 per
642 2684 800 2767 angustias
822 2684 974 2749 facturus:
1010 2684 1071 2748 Die
1093 2684 1204 2748 deinde

160 2773 330 2837 simulando
357 2774 451 2853 aliud,
480 2792 571 2856 quam
596 2771 679 2853 quod
707 2770 881 2854 parabatur,
912 2782 1082 2850 consumto,
1112 2792 1205 2854 quum

159 2860 269 2925 eodem
293 2882 353 2947 quo
372 2860 584 2937 constiterant,
605 2859 674 2921 loco
688 2868 791 2920 castra
804 2857 1053 2937 communissent,
1075 2859 1126 2919 ubi
1142 2858 1205 2949 pri-

159 2961 243 3013 murn
270 2946 428 3031 degressos
452 2946 576 3012 tumulis
602 2958 766 3010 montanos
793 2944 969 3032 laxatasque
989 2944 1084 3008 sensit
1103 2954 1205 3017 custo·

160 3030 237 3109 diss,
266 3033 401 3115 pluribus
432 3034 562 3115 ignibus,
596 3052 687 3113 quam
718 3053 775 3113 pro
797 3052 923 3101 numero
948 3030 1149 3111 manentium,
1174 3031 1206 3095 in

160 3117 298 3203 speciem
313 3118 414 3195 lectis,
430 3118 703 3201 inpedimentisque
718 3138 790 3179 cum
805 3118 906 3200 equite
920 3117 1045 3195 relictis,
1059 3120 1097 3179 'et
1109 3117 1207 3179 marai-

161 3224 214 3281 ma
240 3214 328 3289 parte
351 3203 489 3289 pediturn
501 3225 512 3281 3
534 3202 599 3289 ipse
626 3222 696 3265 cum
726 3203 888 3283 expeditis,
916 3204 1066 3269 acerrimo
1088 3223 1208 3285 quoque

160 3290 237 3369 viro,
269 3290 382 3373 raptim
410 3289 565 3373 angutiae
596 3287 717 3355 evadit:
745 3287 843 3368 iisque
873 3288 946 3370 ipsis
971 3288 1106 3368 tumulis,
1135 3308 1210 3369 quos

161 3377 267 3439 bootes
282 3386 453 3455 tenuerant,
468 3374 618 3439 consedit.

205 3459 357 3526 XXXiii.
379 3461 480 3525 Prima
496 3460 605 3531 deinde
626 3460 693 3521 luce
720 3466 821 3524 castra
843 3470 938 3539 mota,
962 3470 994 3524 et
1015 3480 1124 3543 agmen
1140 3461 1209 3525 reii-

161 3568 253 3629 quum
268 3547 409 3610 incedere
424 3547 528 3629 coepit.
570 3544 643 3613 Jam
659 3546 798 3609 montani
814 3546 903 3628 signo
923 3546 996 3609 dato
1022 3568 1060 3609 ex
1075 3546 1209 3615 castellis

163 3633 204 3697 ad
227 3634 390 3697 stationem
409 3634 533 3697 soiitem
557 3632 798 3710 conveniebant3
821 3651 914 3713 quum
940 3644 1065 3716 repente
1084 3636 1233 3717 conspi-v

162 3722 247 3785 ciunt
262 3720 350 3802 alios,
366 3742 435 3785 arce
451 3730 601 3802 occupata
616 3738 682 3797 sua,
705 3738 796 3803 super
810 3731 902 3803 caput
914 3720 1109 3799 inminentes,
1133 3723 1209 3785 alios

162 3808 211 3875 vis
222 3808 350 3874 transire
362 3808 476 3873 hostes.
519 3804 698 3887 “Utraque
714 3806 804 3873 simul
823 3805 1007 3888 objectores
1027 3808 1123 3873 oculis
1144 3808 1209 3874 cni·

194 3942 322 3994 'tutandos
333 3940 408 3993 Gron.
421 3940 499 3991 cm:
614 3946 690 3987 ‘mim
701 3938 1118 4003 humanissimorum.
1129 3941 1212 4004 bnon

162 4002 237 4063 Dour.
249 4004 310 4073 liup.
486 4004 682 4067 ‘nonnullaque
692 4002 765 4091 lton·
944 4004 1115 4055 'nomGrotu

196 4111 244 4147 *θ’
258 4112 315 4163 Cura
330 4108 573 4174 muneram]
587 4109 672 4159 Perre·
703 4107 781 4174 Vulgo
803 4109 868 4157 vion.
904 4110 938 4158 At
958 4110 1036 4175 scripd
1054 4110 1140 4160 babent
1158 4114 1211 4183 rin,

164 4177 235 4225 uitrd
247 4177 318 4245 Alpes
333 4192 387 4225 tum
405 4174 674 4241 bompsesiirliorum,
703 4174 882 4223 sternutus
896 4174 1070 4241 etCampsnus.
1102 4174 1154 4227 Nec
1169 4192 1212 4232 ne·

165 4242 226 4291 nihil
242 4244 358 4293 tumultus
373 4258 417 4292 nec
435 4242 549 4291 molestiae
565 4252 674 4309 apertius
703 4240 857 4293 consciuerat
869 4241 962 4288 mutari.

165 4308 270 4357 sentite
304 4320 306 4327 '
737 4305 759 4339 ⁴¹
781 4304 881 4367 Utraqtu
901 4307 967 4353 nnat
981 4301 1061 4365 Μ
1080 4320 1122 4365 ret.
1142 4310 1210 4358 oeulis

231 4375 244 4403 ⁸
273 4440 279 4451 ι
669 4402 677 4429 ,
705 4372 824 4433 neumisque
843 4371 969 4437 inmunia]
1005 4367 1210 4451 Puniruinqnqne

168 4440 312 4552 brzuoqranr·
325 4514 367 4562 pn·
407 4505 521 4568 σημαῖαι
552 4500 671 4567 secturus]
705 4446 832 4565 &didicit
846 4434 1210 4553 hntsgssqsgsqqmqqurqs:
