3092 5200
459 355 928 425 uu.xx1v.·cal³:xxvu1.
1157 371 1217 428 2⁴25

161 511 281 580 medios
302 527 355 582 tot
377 530 523 598 armatos,
548 517 723 603 aliquoties¹
736 517 858 600 integro
883 535 1021 600 corpore·
1033 529 1214 584 evaserunt:
1227 543 1302 596 mc,
1314 547 1370 600 530,

162 605 409 688 tenentibusque,
435 627 528 688 quum
552 617 601 670 tot
631 629 667 668 ac
690 617 754 670 tam
780 604 887 667 valide
911 604 1082 668 eluctandae
1105 628 1214 671 manos
1229 610 1369 664 natta

162 703 275 770 essent,
294 713 359 756 sese
373 693 568 777 eripuerunt:
591 692 727 771 tandem,
742 691 917 754 vulneribus
937 691 1098 770 coniectes,
1120 715 1215 776 quum

161 779 265 842 omnia
279 779 447 864 replessent
460 781 620 862 sanguine,
636 779 794 842 exanimes
809 790 996 840 conruerunt
1004 803 1015 857 3
1039 780 1215 867 caedemque
1230 816 1236 826 ·

160 883 215 948 per
229 885 261 928 se
282 867 483 930 miserabilem
508 866 758 930 miserabiliorem
783 885 873 928 casus
898 864 982 944 fecit,
1003 867 1086 950 quod
1105 869 1211 950 paullo

121 997 127 1007 ·
159 963 232 1034 post
256 953 383 1016 nuncius
408 954 502 1032 venit,
529 953 654 1016 mutatis
676 963 802 1036 repente
823 951 866 1014 ad
880 952 1121 1015 misericordiam
1143 956 1212 1018 ani-

160 1039 229 1118 mis,
255 1061 293 1102 ne
323 1040 573 1104 interficerentur.
627 1037 678 1103 lra
703 1038 816 1102 deinde
838 1059 878 1101 ex
904 1039 1112 1102 misericordia
1133 1043 1212 1120 orto',

160 1127 241 1208 quod
257 1127 334 1192 adeo
353 1128 530 1192 festinatum
546 1128 587 1190 sd
604 1126 803 1211 supplicium,
815 1146 916 1208 neque
930 1125 1015 1188 locus
1032 1129 1213 1209 poenitendi,

19 1249 24 1262 ·
159 1224 212 1275 aut
227 1235 378 1298 regressus
393 1217 433 1277 ab
447 1215 492 1278 ira
506 1215 629 1278 relictus
650 1225 741 1277 esset.
763 1215 870 1295 itaque
889 1212 1018 1274 fremere
1037 1214 1212 1294 multitudo,

159 1309 191 1361 et
212 1300 251 1362 in·
266 1302 367 1364 locum
389 1300 605 1365 Andranodori
621 1299 825 1363 ac'Phemisti
847 1298 932 1380 (nam
953 1300 1045 1361 ambo
1067 1307 1212 1383 pretores

158 1384 290 1469 fuerant)
315 1388 444 1452 comitia
457 1407 603 1471 posceres
626 1407 693 1470 que
708 1405 900 1468 nequaquam
915 1405 955 1449 ex
966 1389 1121 1452 sententia
1133 1410 1212 1472 pre·

159 1483 260 1536 torum
276 1473 377 1537 lutura
391 1487 503 1537 essent.
1197 1479 1202 1488 ’

199 1557 333 1623 xxv11.
355 1558 497 1624 Statutus
521 1571 569 1624 est
591 1560 724 1624 comitiis
748 1559 814 1623 dies
828 1573 934 1644 s'quo,
956 1557 1212 1646 necopinantibus

157 1647 310 1726 omnibus,
332 1667 411 1710 unus
434 1669 473 1709 ex
496 1647 606 1730 ultima
629 1648 720 1710 turbo
745 1645 915 1732 Epicydem
942 1650 1121 1728 nominavit,
1144 1657 1211 1712 tirm
1224 1665 1373 1734 Epicyden

159 1733 231 1795 inde
244 1732 320 1796 elius
336 1729 568 1817 Hippocratem.
584 1734 750 1796 crebriores
766 1734 878 1796 deinde
900 1755 945 1796 ere
964 1755 1065 1814 voces,
1089 1748 1122 1799 et
1141 1742 1212 1799 cum
1226 1733 1379 1798 hippoma-

159 1819 243 1882 haud
265 1819 359 1883 dubio
373 1821 504 1883 adsensu
519 1819 720 1882 multitudinis
736 1841 812 1882 esse.
856 1819 899 1882 Et
912 1832 981 1884 erat
994 1822 1121 1885 confina
1135 1843 1211 1886 con-
1224 1810 1334 1916 Ψ

158 1905 218 1984 cio,
239 1925 302 1968 non
325 1907 465 1990 populari
485 1907 591 1986 modo,
613 1907 667 1970 sed
686 1907 812 1970 militari
832 1928 955 1990 quoque
975 1909 1076 1986 turba,
1098 1930 1213 1992 magna

158 2011 197 2054 ex
211 2003 298 2075 parte
312 1993 407 2055 etiam
430 1993 575 2076 perfugis,
598 1995 649 2076 qui
675 1994 780 2056 omnia
803 2015 917 2056 novare
942 1995 1118 2077 cupiebant,
1140 2017 1212 2079 per·

156 2079 272 2142 mixtis.
315 2077 460 2143 Praetores
477 2079 666 2142 dissimulare
681 2080 792 2162 primo,
812 2083 841 2120 ⁴⁸
857 2092 890 2142 et
910 2080 1061 2143 trahenda
1076 2102 1109 2144 re
1123 2103 1211 2146 esse:

157 2177 313 2247 postremo
337 2166 410 2229 victi
436 2186 596 2245 consensu,
621 2179 653 2229 et
672 2166 855 2228 seditionem
870 2177 1052 2248 metuentes,
1073 2189 1210 2250 pronun-

157 2251 242 2316 ciant
265 2273 318 2315 eos
341 2264 498 2336 pretores.
541 2251 608 2314 Nec
633 2252 677 2314 illi
701 2252 803 2335 primo
828 2252 936 2316 statim
965 2254 1059 2315 creati
1084 2255 1211 2333 nudare,

157 2337 231 2419 quid
252 2339 383 2402 vellent:
406 2358 592 2422 quamquam
608 2359 694 2420 <segre
719 2337 869 2416 serebant,
891 2349 925 2401 et
946 2338 984 2400 de
999 2339 1129 2424 induciis
1144 2341 1211 2404 die-

158 2444 225 2488 rum
236 2425 354 2488 decem
369 2427 486 2508 legatos
501 2427 560 2488 isse
576 2426 617 2488 ad
630 2425 692 2508 Ap.
708 2423 882 2503 Claudium,
905 2437 948 2503 et,
965 2425 1135 2508 impetratis
1153 2428 1209 2507 eis,
1224 2455 1302 2517 um,
1311 2459 1340 2506 ,ἃ

157 2510 243 2590 alios,
263 2513 314 2594 qui
330 2513 369 2574 de
383 2513 498 2596 soedere
512 2513 639 2594 antiquo
653 2511 830 2574 renovando
845 2523 981 2594 agerent,
995 2513 1114 2577 missos.
1157 2514 1210 2577 Ad
1222 2521 1323 2603 Appium

157 2595 367 2682 Murgantiam
383 2612 448 2663 tum
464 2601 592 2663 classem
612 2600 734 2662 navium
749 2610 875 2662 centum
890 2598 1048 2663 Romanus
1063 2602 1209 2683 babebat,
1222 2603 1293 2683 Ψ·
1360 2603 1367 2682 ⁴,

157 2706 291 2767 quonam
314 2688 479 2751 evaderent
502 2700 603 2751 motus
622 2708 662 2749 ex
677 2686 810 2749 cedibus
825 2699 1024 2772 tyrannorum
1040 2689 1100 2751 orti
1116 2688 1208 2773 Syra·-

156 2774 247 2923 fill:
270 2784 573 2924 blattis:
592 2774 1208 2926 lttttfflltllzttdtn

157 2943 305 3025 Siciliam,
329 2946 422 3029 legati
450 2880 634 3031 Syracusani
658 2946 742 3008 missi
767 2947 807 3007 ab
829 2946 933 3028 Appio
947 2905 1069 3026 emt,
1095 2949 1208 3012 audit’n

157 3032 382 3095 conditionibus
405 3034 500 3116 pacis,
523 3031 698 3109 Marcellus,
723 3052 813 3113 posse
838 3052 903 3094 rem
929 3035 1090 3096 convenire
1115 3040 1209 3115 ratus,

157 3128 190 3180 et
218 3117 283 3202 ipse
312 3118 431 3201 legatos
460 3116 637 3203 Syracusas,
669 3118 720 3201 qui
744 3136 850 3179 coram
875 3136 946 3180 cum
968 3121 1147 3201 praetoribus
1169 3123 1209 3185 de

157 3204 331 3267 renovando
354 3205 468 3267 loedere
494 3214 632 3286 egerent,
647 3202 752 3267 misit.
796 3201 838 3265 Et
858 3202 925 3285 jam
948 3204 999 3266 ibi·
1016 3225 1208 3289 nequaquam

156 3288 267 3354 eadem
282 3290 366 3374 quies
381 3303 414 3354 et
426 3290 629 3373 tranquillitas
644 3302 721 3353 erat.
739 3298 902 3374 postquam
918 3287 1064 3354 Punicam
1078 3293 1208 3357 classem

157 3376 321 3440 accessisse
336 3376 514 3460 Pachynum
528 3376 666 3440 adlatum
681 3389 738 3455 cst,
754 3376 860 3439 demto
874 3377 985 3439 tiumre
1000 3377 1207 3461 Hippocrates

155 3476 188 3529 et
210 3462 374 3549 Epicydes,
406 3486 487 3527 nanc
513 3464 595 3547 apud
627 3463 831 3526 mercenarios
860 3464 983 3543 milites,
1015 3486 1103 3528 nunc
1124 3469 1209 3550 apud

154 3550 337 3634 tmnslsrgas,
365 3552 453 3635 prodi
479 3550 621 3613 Romano
650 3546 826 3634 Syracusas,
859 3550 1107 3616 criminabantur.
1162 3552 1209 3617 Ut
1217 3581 1361 3652 φής’,

154 3658 227 3703 vero
240 3636 359 3723 Appius
374 3658 465 3701 naves
479 3638 520 3701 ad
535 3637 648 3701 ostium
672 3648 789 3719 portus,
809 3657 871 3719 quo
895 3640 920 3675 ⁴¹
937 3637 1004 3701 aliar
1025 3641 1120 3722 partis
1146 3642 1204 3705 lso-
1216 3650 1309 3700 rma
1385 3650 1390 3657 ‘

155 3726 287 3789 minibus
303 3726 421 3788 animus
436 3725 607 3803 accederet,
628 3724 661 3786 in
676 3724 809 3786 statione
831 3723 945 3787 babere
966 3727 1071 3807 coepit,
1094 3727 1205 3810 ingens

156 3810 335 3963 itpspsseciern
350 3810 812 3962 calminibustvaniptzccdesaerpt
827 3809 1203 3963 fidffssemdprimp·etlam

190 3918 221 3961 m
254 3912 341 3963 tuose
387 3920 525 3963 ecurrera
562 3918 615 3961 mu
641 3918 685 3967 ιιι
708 3920 727 3961 ο
751 3918 770 3959 a
810 3916 901 3979 pror
940 3918 961 3960 n
983 3919 1030 3977 os,
1051 3920 1125 3963 arm
1154 3922 1203 3979 crs

116 4048 121 4057 ,
155 4004 221 4048 ram
307 3986 459 4050 derentur.

196 4070 260 4137 XX
290 4071 404 4137 111.1n
427 4074 487 4137 hac
513 4072 684 4138 turbatione
709 4092 820 4151 rerum,
841 4070 874 4135 in
897 4072 1078 4137 concionem
1100 4076 1203 4139 vocari

187 4249 212 4285 ⁴⁰
229 4248 539 4313 Btmimdsrsasrllc
557 4266 665 4311 soem,
693 4264 814 4301 mamm
835 4260 922 4299 usar.
962 4249 1020 4299 Alie
1045 4248 1204 4317 minse-pro

155 4312 496 4375 idoneumotremrrhersos.
692 4316 759 4365 atina
791 4316 826 4363 Es
836 4330 893 4364 vocs
903 4314 940 4362 bls
950 4330 1005 4363 nu
1021 4327 1058 4364 est
1074 4314 1124 4367 cic.
1139 4315 1157 4367 l.
1173 4331 1202 4370 n.

187 4380 211 4413 *Ι
235 4380 291 4429 Alie
315 4385 385 4444 prrs'u
408 4379 539 4444 matta]
570 4382 602 4431 l‘u
623 4378 663 4445 qui
693 4379 901 4431 animast.
923 4378 963 4430 sie
979 4388 1066 4431 ursas
1082 4380 1203 4448 salbus-

154 4442 199 4493 slis
216 4444 328 4495 mrum
346 4462 372 4496 ac
393 4447 491 4507 vellent,
512 4462 581 4511 qaum
599 4446 663 4511 liip-
694 4448 748 4509 tilii,
763 4444 930 4511 spectarem.
959 4472 963 4478 ·

154 4518 261 4577 pomata
277 4521 302 4559 er
318 4509 447 4580 Epicyden
468 4514 508 4579 qui
526 4512 595 4579 pertis
615 4512 664 4564 lio·
696 4544 712 4553 ·<
