3092 5200
439 332 517 392 LIB.
528 331 629 392 XXX.
642 333 723 392 Cdl'.
736 332 896 393 XXXVII.
1130 339 1187 394 583

40 501 56 541 2·
146 487 247 548 sstem
270 486 393 548 munitae
414 497 448 548 et
467 485 555 547 tarnlt
578 485 683 547 validae
705 487 797 563 urbis,
820 493 1003 566 reputarent,
1029 498 1061 547 et
1087 486 1186 568 ipsum
1199 499 1272 553 Μ.
1285 504 1342 552 sto.

147 567 323 653 Scipionem
339 573 526 654 exspectatio
548 572 736 650 successoris,
756 571 874 632 venturi
896 569 934 629 ad
956 581 1093 651 paratam
1108 571 1184 632 alte·
1199 563 1340 616 &02⁰²-

39 679 48 686 ’·
147 657 207 718 rius
223 657 325 720 labore
346 679 382 720 ac
401 659 534 740 periculo
548 656 624 718 finiti
640 657 709 718 belli
726 657 849 734 sarnam,
872 654 1060 736 sollicitaret,
1075 657 1115 719 ad
1129 677 1184 740 pa-

38 767 43 801 s
148 763 215 806 cem
231 743 366 805 omniurn
381 744 476 804 animi
491 742 566 803 versi
581 751 660 803 sunt.

189 817 353 890 XXXVII.
376 827 499 890 Postero
521 827 580 904 die,
613 827 759 888 revocatis
780 827 901 909 legatis,
937 839 969 891 et
996 849 1066 889 cum
1088 829 1186 890 multa
1199 850 1319 900 emsa.
1374 849 1384 856 ·

148 913 348 996 castigatione
370 913 500 996 perfidiae
531 913 665 990 monitis,
686 922 731 990 ut,
754 922 802 974 tot
823 914 959 975 cladibus
982 915 1093 990 edocti,
1116 925 1184 975 tan-
1199 929 1241 994 neg
1251 917 1336 996 paetus

37 1029 41 1068 ,-
148 999 219 1062 dem
243 997 325 1062 Deos
346 1011 378 1060 et
395 997 609 1080 jusjurandum
632 1017 696 1058 esse
719 999 896 1077 crederent3
920 1000 1110 1060 conditiones
1130 1021 1185 1083 pa·¹
1198 980 1306 1096 w

37 1117 43 1158 :
147 1084 192 1146 cis
207 1083 313 1148 dictae:
329 1083 340 1117 ‘
355 1079 400 1145 Ut
412 1085 497 1146 liberi
509 1082 625 1164 legibus
636 1083 696 1144 suis
706 1083 849 1144 viverent.
864 1087 892 1123 θ’
901 1105 974 1164 quas
984 1085 1084 1162 urbes,
1096 1104 1185 1165 quos·

144 1169 230 1252 ‘que
246 1191 344 1252 agros.
359 1170 524 1252 quibusque
550 1167 659 1229 finibus
682 1180 753 1229 ante
774 1168 886 1230 bellum
907 1171 1082 1248 tenuissent,
1098 1180 1185 1231 tene·

144 1253 250 1333 ‘rent,
273 1255 499 1338 populandique
524 1251 615 1315 finem
642 1274 678 1314 eo
700 1253 749 1314 die
772 1251 929 1315 Romanus
948 1255 1070 1316 laceret.
1115 1253 1186 1316 Per-

145 1339 270 1422 ‘l'ugas,
285 1340 494 1421 fugitivosque,
517 1349 549 1402 et
568 1340 703 1420 captivos
725 1360 829 1400 omnes
853 1339 1014 1402 redderent
1028 1339 1187 1421 Romanis,

35 1409 37 1504 J
145 1423 204 1485 ‘et
228 1445 318 1486 naves
343 1435 498 1502 rostratas,
523 1437 630 1508 praeter
651 1425 756 1486 decem
782 1426 927 1502 triremes,
943 1426 1107 1503 traderent,
1123 1427 1184 1487 ele-

145 1507 373 1592 ‘phantosque‚
389 1515 393 1523 '
409 1532 484 1593 quos
519 1511 666 1571 haberent
702 1509 857 1572 domitos:
894 1531 992 1594 neque
1028 1513 1189 1573 domarent

35 1645 37 1672 ,
147 1593 261 1668 ‘alios
305 1595 423 1658 Bellum
438 1617 513 1658 neve
536 1597 567 1656 in
582 1595 696 1672 Africa,
711 1615 785 1656 neve
801 1606 886 1656 extra
903 1595 1050 1674 Africam,
1074 1595 1189 1677 injussu

35 1675 37 1752 l
147 1678 279 1763 ‘populi
296 1679 427 1743 Romani
441 1691 590 1764 gererent.
635 1679 805 1741 lllasinissae
820 1702 866 1742 res
888 1681 1057 1760 redderent,
1073 1681 1187 1743 foedus-

148 1763 232 1846 ‘que
248 1788 316 1828 curn
333 1789 369 1828 eo
384 1768 526 1828 facerent.
571 1765 767 1828 Frumentum
793 1767 1037 1849 stipendiumque
1063 1768 1091 1806 θ’
1101 1767 1188 1827 auxi-

34 1845 36 1858 *
147 1849 234 1918 ‘liis
251 1853 347 1914 donec
363 1855 401 1914 ab
417 1849 516 1913 lloma
531 1851 624 1933 legati
640 1853 789 1913 redissent
797 1851 816 1930 ¹,
831 1863 1016 1935 praestarent.
1032 1853 1059 1892 ¹⁴
1070 1849 1188 1913 Decem

148 1935 271 1998 ‘millia
293 1937 445 2000 talentum
466 1939 593 2018 argenti,
619 1937 810 2020 “descripta
826 1939 1022 2020 pensionibus
1046 1938 1135 2020 aquis
1156 1939 1187 1998 in

147 2021 269 2085 ‘annos
295 2024 525 2106 quinquaginta,
552 2021 711 2085 solverent.
754 2022 883 2084 Obsides
905 2033 1026 2084 centum
1042 2023 1189 2084 arbitratu

146 2103 325 2189 ‘Scipionis
341 2109 468 2170 darent:
496 2131 533 2170 ne
550 2109 680 2170 minores
695 2105 925 2190 quatuordecim
941 2111 1038 2186 annis,
1059 2128 1117 2169 neu
1132 2108 1188 2169 tri-

146 2191 159 2224 ‘
171 2193 259 2274 ginta
273 2192 414 2276 majores.
459 2191 600 2255 lnducias
612 2195 655 2255 ita
666 2215 697 2255 se
709 2194 860 2272 daturum,
873 2195 897 2256 si
909 2215 964 2277 per
974 2196 1087 2278 priores
1099 2195 1189 2254 indu·

145 2274 234 2338 ‘cias
249 2297 340 2342 naves
356 2279 498 2341 oneraria
514 2292 620 2362 oaptae,
633 2299 755 2360 quaeque
768 2279 896 2342 fuissent
911 2282 942 2341 in
953 2281 1088 2358 navibus,
1100 2280 1188 2340 resti·

145 2359 158 2395 ‘
172 2371 337 2426 tuerentur.
380 2363 478 2426 Aliter
491 2385 548 2426 nec
564 2365 712 2443 inducias,
727 2385 784 2426 nee
799 2387 885 2448 spem
899 2365 983 2447 pacis
993 2366 1086 2427 ullam
1102 2361 1189 2426 sese!

147 2443 215 2509 llas
231 2449 418 2511 conditiones
435 2449 527 2530 legati
542 2470 634 2531 quum
651 2451 678 2490 ⁵⁸
690 2451 815 2513 domum
826 2451 966 2514 referre¹¹³
978 2451 1055 2532 jussi
1068 2453 1099 2511 in
1114 2469 1187 2511 con·
1210 2499 1214 2505 .

145 2553 235 2595 crone
259 2535 395 2614 ederent,
420 2545 452 2598 et
476 2533 571 2617 Gisgo
593 2535 631 2596 od
657 2535 888 2596 dissuadendam
903 2556 1009 2618 pacem
1025 2537 1188 2620 processis-
1201 2548 1325 2612 carmem

144 2628 202 2699 set,
222 2620 430 2702 audireturque
456 2642 475 2681 a
499 2621 704 2698 multitudine,
727 2622 865 2703 inquieta
888 2623 995 2683 eadem
1010 2635 1042 2683 et
1064 2622 1166 2683 inbelli
1179 2645 1188 2684 s
1201 2626 1329 2691 (ΜΡ-

145 2702 322 2785 indignatus
346 2702 513 2783 Hannibal,
538 2706 597 2766 dici
618 2726 654 2767 ea
678 2705 709 2767 in
725 2707 779 2767 tali
799 2716 935 2788 tempore
951 2708 1116 2787 audirique,
1132 2708 1187 2769 ad·
1200 2696 1341 2794 {ffifflw

143 2797 265 2869 reptum
296 2787 463 2870 Gisgonem
497 2810 589 2849 manu
618 2809 673 2849 sua
702 2810 740 2850 ex
766 2794 918 2872 superiore
949 2792 1017 2852 loco
1048 2792 1189 2855 detraxit.
1200 2809 1269 2861 artat

147 2872 223 2943 Quae
244 2874 364 2935 insueta
385 2874 485 2934 liberae
511 2874 627 2934 civitati
653 2874 769 2953 species
795 2894 887 2953 quum
901 2874 1064 2935 'fremitum
1083 2878 1190 2958 populi

147 2958 501 3041 movisset,perturbatus
512 2958 651 3019 militaris
662 2958 707 3018 vir
715 2958 988 3036 urbanalibertate,
998 2958 1190 3039 ⁸⁷‘Novem‚'

146 3041 256 3124 inquit,
270 3044 552 3105 ‘annorumavobis
561 3042 726 3124 profectus,
737 3054 807 3124 post
817 3054 973 3106 sextumet
983 3044 1190 3107 tricesimum¹¹

145 3125 286 3189 ‘annum
308 3128 392 3191 redii.
436 3126 572 3189 Militare
598 3138 687 3204 artes,
703 3148 778 3210 quas
800 3150 851 3190 me
874 3150 1003 3212 apuero
1024 3131 1052 3169 ⁸⁸
1067 3131 1193 3195 fortuna

177 3245 246 3297 *tens
257 3250 303 3299 del.
315 3248 387 3300 Gran.
398 3250 467 3300 Cres.
637 3249 765 3300 muitum
775 3253 841 3303 unt.
1017 3252 1105 3317 ·sem
1114 3254 1190 3307 Gran.

145 3316 160 3345 ²
167 3314 299 3377 trigesima
308 3324 390 3363 aarum
401 3314 473 3364 Grou.
485 3314 553 3365 Cres.

165 3402 204 3467 ,⁵¹
225 3402 278 3453 Tam
305 3407 395 3453 munite
423 3416 443 3452 et
471 3406 549 3453 selide
583 3404 655 3467 urbis]
686 3405 844 3454 enturnostri.

147 3468 238 3518 Omnes
256 3470 326 3516 nostrl
342 3468 402 3526 libri,
419 3480 445 3518 ut
461 3468 655 3528 cantabrigiensis
718 3468 740 3506 W
757 3468 1191 3536 Nmmnmmsstnpassem,

147 3534 222 3583 alst.
235 3530 353 3581 Gmorlo
370 3548 486 3593 erramus,
503 3534 587 3582 iterant
603 3546 652 3595 par·
681 3540 731 3594 post
752 3536 887 3596 arguimus
909 3542 992 3581 mess
1014 3550 1099 3583 mm
1118 3538 1187 3599 redis]

147 3598 258 3649 ἀὼς
288 3606 334 3647 tem
354 3600 444 3649 memte
468 3608 491 3646 rr
511 3608 556 3647 ten
576 3600 654 3647 aad&
686 3598 802 3661 lloeja'rn
819 3598 961 3659 Manemps
976 3604 1089 3661 oppilo.
1106 3611 1132 3648 es
1148 3602 1189 3649 35.

117 3674 119 3679 ¹
146 3665 215 3713 artis.
684 3661 976 3724 supra,dixlt1.ivius,st
991 3662 1187 3727 maseatitl’oly·

180 3722 652 3791 ³²Quarurbes,pwsqroeagros]lntellige,
683 3725 740 3782 blus,
751 3726 767 3773 l.
776 3736 819 3775 xv.
853 3724 922 3772 Unde
930 3726 1189 3789 sequiturdnnibaletn,

149 3790 272 3865 inditia,
286 3792 407 3840 arduno
425 3790 522 3840 babetur
539 3792 596 3856 apud
610 3790 652 3840 l’o-
682 3804 712 3837 ex
741 3806 789 3852 quo
815 3799 898 3837 norem
926 3797 998 3839 mor
1025 3802 1093 3840 murs
1115 3792 1188 3855 patris

148 3854 323 3985 wamelis]
333 3918 385 3969 Vid.
393 3928 441 3967 not.
449 3920 488 3969 20.
497 3920 524 3967 ad
531 3919 548 3969 l.
559 3928 650 3969 xxvrrr.
682 3865 950 3981 ἱξᾜρῖυῗάῗέ
960 3854 1189 3968 &magii

145 3999 170 4035 c.
180 3982 219 4031 16.
681 3982 728 4043 gisi
738 3985 910 4047 pofectoerar,
927 3996 1062 4045 quornm
1073 3982 1186 4033 tumul

179 4044 202 4078 Μ
219 4040 299 4091 Dm
319 4048 391 4095 midiu
411 4044 528 4109 mmmm]
558 4046 650 4095 Mareu
681 4046 977 4103 decertaturam,
991 4049 1051 4109 quod
1067 4058 1184 4096 metm

148 4118 262 4162 aalma
271 4112 357 4169 umenti
369 4112 471 4162 937500.
595 4109 600 4117 '
680 4112 751 4171 saal.
764 4114 884 4161 naues.
916 4110 978 4159 ttae
992 4112 1106 4161 meditari
1124 4126 1185 4174 que

179 4170 203 4208 Π
218 4170 371 4241 ’Dm-pm]
391 4174 522 4224 Distrlbut‘a
536 4178 649 4241 μείρει·
679 4176 868 4241 possidentem

147 4237 423 4299 memorianus·
463 4241 468 4253 “
502 4238 600 4299 unsre.
711 4241 734 4275 Β
750 4242 766 4271 ·
781 4237 1183 4302 *mmmmm*

180 4300 416 4373 ”vDomrnrqferrd
449 4302 574 4367 ulgofmr.
600 4304 648 4353 see
681 4304 736 4367 tra]
754 4302 1184 4368 herasmus-deme

147 4362 403 4433 jeurtensium
421 4370 529 4431 narde
545 4383 575 4417 ex
591 4368 652 4417 ttbro
681 4368 937 4433 panaretum,
952 4367 1192 4436 mmmm

149 4428 293 4501 sum
309 4434 369 4495 qma
387 4434 470 4487 nrbes
490 4444 543 4485 atr
563 4439 592 4485 st
610 4445 650 4485 nr·
681 4432 960 4499 &abimum
