3092 5200
318 275 379 332 890
735 267 820 326 ΤΙΤῙ
834 267 936 326 mvn
952 305 959 312 ·
982 303 987 313 ·

154 449 188 496 u,
199 447 229 496 c,
240 429 298 496 5412
322 416 333 448 ‘
348 421 443 484 solam
454 419 618 483 ¹'traditam
629 419 952 498 inmanumhostibus,
962 422 1018 482 sed
1031 441 1066 483 se
1081 439 1203 501 quoqm
1218 417 1365 501 etpmsi-

153 514 185 564 A.
196 511 228 562 C·
239 509 294 562 ²¹¹·
323 503 333 535 ‘
349 509 431 571 dium
447 509 478 570 in
493 527 598 569 omnes
612 506 763 568 cmciatus
778 505 936 588 proditos,’
950 507 1152 569 incusabant:
1169 500 1280 568 aliiisse
1290 523 1363 568 cum

322 591 333 622 ‘
347 595 378 656 in
388 593 534 671 Bruttios,
544 593 627 654 velut
636 587 820 654 avertentem
830 613 906 670 sese,
914 612 954 653 ne
963 591 1069 675 Capua
1080 593 1114 654 in
1124 593 1221 654 oculis
1230 591 1297 674 ejus
1308 611 1376 652 ca··

321 677 332 708 ‘
346 693 474 762 peretur.
487 693 532 756 at,
541 677 685 752 Hercule,
696 675 849 738 &manos
859 679 1133 761 neobpugnatione
1144 678 1267 759 quidem
1277 675 1372 765 urbis*

320 766 331 798 ‘
346 765 492 828 Romanae
503 764 638 826 abstrahi
657 765 695 824 ab
707 761 815 845 Capua
828 765 996 826 obsidenda
1016 764 1163 847 potuisse.
1179 776 1268 826 tanto
1281 783 1375 848 con-A

322 852 333 886 ‘
347 852 526 913 stantiorem
541 850 697 911 inimicum
709 847 893 928 Romanum,
901 871 991 932 quam
1003 851 1136 912 amicum
1146 849 1275 912 Poenum
1283 869 1363 913 esse.

320 939 332 971 ‘
347 937 381 1000 Si
395 938 500 999 redeat
513 933 662 1018 Capuam,
677 933 849 1014 bellumque
856 955 948 996 omne
959 957 996 996 eo
1007 948 1114 1012 vertat,
1129 931 1209 998 ct'sc
1224 947 1257 998 et
1266 934 1374 997 Cam··

319 1023 441 1108 ‘panos
461 1033 582 1104 paratas
597 1020 748 1102 emptioni
771 1019 846 1082 fore.
885 1018 957 1082 Non
980 1015 1230 1102 cum'Rheginis,
1259 1041 1361 1101 neque

320 1107 519 1170 ‘Tarentinis
545 1106 656 1168 bellum
685 1117 823 1185 gesturos
848 1105 990 1167 transisse
1015 1108 1119 1189 Alpes.
1142 1107 1195 1168 ubi
1208 1106 1359 1168 Romarm

321 1196 332 1227 ‘
347 1195 482 1277 legiones
496 1193 568 1270 sint,
583 1191 624 1253 ibi
638 1204 672 1253 et
688 1189 988 1272 Karthaginiensium
1002 1193 1150 1254 exercitus
1160 1192 1268 1254 debere
1278 1213 1359 1256 esse.

320 1279 400 1344 ‘Sic
431 1278 613 1356 adCannas,
643 1279 685 1338 sic
713 1277 752 1338 nd
780 1275 994 1339 Trasimenum
1023 1299 1087 1340 rem
1115 1279 1192 1340 benc
1217 1271 1371 1360 gestarisj²

321 1368 333 1400 ‘
346 1367 497 1446 coeundo,
507 1363 691 1428 conferendo
706 1384 776 1424 cum
792 1363 882 1425 hoste
896 1377 1007 1441 castra,
1019 1364 1173 1426 formnam
1187 1364 1357 1427 tentando.'

322 1450 358 1514 In
374 1454 453 1514 lranc
468 1452 647 1513 sententiam
657 1450 749 1512 literae
764 1447 1101 1532 conscriptaeNumidis,
1116 1445 1270 1532 proposita
1278 1469 1360 1513 mer·
1406 1525 1412 1536 .

321 1539 395 1601 cede
403 1537 468 1620 jam
487 1537 631 1618 professis
645 1555 781 1618 operam,
805 1535 925 1597 dantur.
955 1534 999 1597 Hi
1018 1537 1120 1618 specie
1135 1535 1372 1616 transfugarum

321 1646 413 1708 quum
428 1623 469 1686 ad
484 1621 626 1684 Flaccum
638 1623 669 1683 in
684 1635 787 1685 castra
800 1621 963 1698 venissent,
984 1633 1019 1684 ut
1030 1623 1103 1684 inde
1118 1633 1256 1704 tempore
1269 1635 1364 1708 capto
1408 1693 1412 1709 ι

321 1712 441 1788 abirent
451 1733 461 1788 3
485 1710 651 1790 famesque,
663 1729 727 1790 quar
742 1719 805 1769 tam
817 1708 870 1769 diu
879 1706 992 1790 Capuae
1002 1720 1080 1787 erat,
1092 1707 1167 1770 nulli
1179 1729 1242 1769 non
1252 1709 1363 1790 proba-

321 1797 413 1860 bilem
424 1817 565 1858 naussum
580 1795 767 1857 transitionis
786 1794 912 1871 faceret,
927 1794 1035 1856 mulier
1060 1805 1188 1876 repente
1202 1792 1362 1876 Campana

322 1885 355 1946 in
383 1896 483 1946 castra
511 1883 605 1960 venit,
631 1891 763 1942 scortum
792 1880 1015 1962 transfugarum
1045 1882 1134 1943 unius
1146 1902 1156 1957 3
1184 1880 1359 1961 indicatque

322 1970 497 2054 imperatori
522 1967 674 2046 Romano,
699 1965 849 2028 Numidas
877 1965 982 2028 fraude
1012 1967 1183 2050 composita
1206 1967 1371 2044 transisse,

322 2056 483 2138 literaeque
492 2055 532 2118 ad
544 2053 748 2117 Hannibalem
759 2051 847 2115 ferre.
858 2055 885 2102 ⁸7
890 2053 922 2114 id
930 2073 1024 2114 unum
1035 2075 1091 2115 exe
1105 2054 1152 2131 iis,
1164 2051 1215 2133 qui
1224 2052 1281 2113 sibi
1293 2073 1359 2114 rem

322 2143 498 2224 aperuisset,
519 2162 647 2222 arguere
667 2161 733 2202 sese
746 2151 885 2222 paratam
897 2159 975 2200 esse.
992 2138 1156 2202 Productus
1171 2139 1270 2221 primo
1283 2139 1369 2200 satis'

321 2237 497 2287 constanter
517 2227 656 2306 ignorare
679 2247 712 2287 se
735 2225 890 2288 mulierem
908 2224 1088 2288 simulabatr
1111 2223 1270 2308 paullatim
1290 2223 1371 2286 dcin'

322 2312 478 2372 convictus
492 2311 580 2388 veris,
595 2331 688 2390 quum
711 2321 863 2372 tormenta
876 2311 960 2392 posci
975 2322 1007 2375 et
1018 2313 1118 2394 parari
1129 2309 1258 2388 rideret,
1266 2310 1363 2372 fassus

322 2397 354 2457 id
365 2395 409 2457 ita
418 2415 494 2456 esse.
506 2395 658 2476 literaeque
669 2397 809 2478 prolatae3
820 2398 884 2458 “et
897 2397 1035 2458 additum
1047 2399 1141 2459 etiam
1150 2397 1273 2475 indicio,
1278 2395 1363 2477 quod

321 2481 486 2558 celabatur,
501 2480 617 2542 etalios
632 2481 734 2564 specie
740 2482 962 2564 transfugarum
974 2480 1122 2547 Numidas
1133 2483 1234 2563 vagari
1249 2484 1280 2544 in
1291 2503 1363 2544 caa-

321 2568 375 2631 tris
387 2565 543 2629 Romanis.
558 2567 591 2629 hi
596 2587 688 2650 supra
696 2569 890 2652 septuaginta
901 2569 1121 2653 comprehensi,
1131 2581 1164 2631 et
1177 2588 1247 2629 cum
1258 2579 1369 2631 trans-¹

321 2653 399 2735 fugis
420 2653 505 2715 noris
533 2653 676 2715 mulcati⁰
703 2655 806 2737 virgis,
826 2656 1021 2738 manibusque
1050 2656 1191 2738 precisis,
1219 2653 1370 2737 Capuam

320 2738 505 2820 rediguntur.
532 2737 739 2822 Conspectum
751 2753 816 2803 tam
831 2741 919 2804 triste
930 2740 1119 2827 'supplicium
1138 2741 1225 2823 fregit
1238 2742 1371 2823 animoa¹

321 2823 554 2907 Campanomnr.

364 2909 451 2973 XIII.
473 2908 646 2974 Concursus
662 2913 702 2976 ad
714 2914 830 2978 curiam
846 2916 949 3001 populi
960 2915 1059 2978 factus
1070 2914 1173 2999 coegit
1181 2914 1301 2977 hainau
1312 2936 1364 2977 se·

322 3010 428 3060 natum
443 3018 572 3059 vocare:
598 3009 630 3058 et
647 3000 840 3081 primoribus,
855 3004 907 3085 qui
923 3001 988 3083 jam
1009 3002 1061 3064 diu
1083 3002 1213 3084 publicis
1227 3002 1363 3063 consiliis

293 3090 300 3105 '
323 3085 459 3161 aberant,
470 3082 628 3165 propalam
638 3086 844 3167 minabantur,
860 3090 917 3151 nisi
927 3088 1064 3149 venirent
1072 3089 1103 3149 in
1115 3098 1268 3165 senatum,
1282 3088 1365 3151 circa

323 3172 431 3235 domos
455 3188 559 3231 comm
574 3169 669 3232 ituros
685 3192 728 3251 se,
744 3188 777 3238 et
791 3176 822 3235 in
837 3174 992 3258 publicum
1004 3194 1111 3236 omnes
1125 3174 1155 3235 vi
1170 3185 1362 3237 extracturos

324 3279 399 3321 esse.
421 3254 451 3319 Is
472 3256 562 3317 timor
576 3254 766 3337 frequentem
781 3273 919 3323 senatum
942 3260 1130 3341 magistratui
1145 3262 1283 3343 praebuit.
1316 3259 1363 3321 Ilri

323 3364 416 3426 quum
442 3341 534 3405 ceteri
558 3341 595 3402 de
625 3342 734 3425 legetis
758 3347 913 3409 mittendis
932 3348 972 3408 ad
994 3346 1192 3429 imperatores
1209 3346 1363 3409 Romanos

206 3469 219 3483 ··
255 3470 260 3483 ·
285 3468 299 3483 ··
316 3438 463 3515 agerent,
484 3425 591 3489 Vibius
606 3424 756 3511 Virriusd,
779 3434 831 3515 qui
846 3431 1026 3495 delectionis
1040 3433 1080 3495 ab
1097 3432 1245 3495 Romanis
1259 3443 1366 3495 auctor

208 3534 214 3547 ·
233 3569 239 3585 .
324 3517 433 3593 fuerat,
448 3514 653 3595 interrogatus
668 3520 864 3599 sententiam,
875 3532 978 3601 negat,
990 3518 1001 3550 ‘
1015 3540 1079 3595 eos,
1093 3518 1193 3600 quide
1205 3519 1314 3602 legatis
1327 3530 1362 3581 et

323 3606 334 3639 ‘
350 3601 1363 3687 depaceecdeditioneloquannrr,meminissemccquidfacturifue·

324 3694 334 3726 ‘
349 3691 418 3769 rint,
428 3687 1010 3774 sillomanosinpotestatehabuissent;
1020 3690 1378 3775 necquidipsispatien·'

324 3777 479 3841 ‘dumsin
496 3774 630 3847 ⁵⁹Quid?
647 3776 722 3855 vos,'
732 3778 841 3860 inquit,
852 3779 934 3841 ‘eam
943 3777 1131 3854 deditionem
1146 3777 1211 3840 fore
1221 3778 1367 3855 censetis,

324 3866 336 3898 ‘
350 3864 582 3948 quaquondam,
596 3864 788 3927 utadversus
801 3862 954 3928 Samnites
964 3864 1109 3928 auxilium
1124 3865 1368 3947 impetraremus,

354 3996 610 4047 rotmannum.
647 3997 758 4047 annon
767 3997 1033 4050 Grosmdaartcrev.
1073 3998 1172 4053 ‘Vnius
1181 3995 1334 4045 Groncrer.

289 4122 291 4129 ,
355 4086 377 4123 Μ
393 4085 573 4135 *Idumaea
589 4088 773 4153 ts....rrgrnn
789 4102 832 4137 aar
895 4088 1009 4142 ”Quint
1028 4103 1146 4139 summan
1165 4087 1291 4134 deditiones·
1310 4084 1370 4151 fors

321 4150 484 4213 marnae]
507 4151 748 4223 Sepsntameareds
764 4168 792 4203 ea
804 4168 832 4203 rs
861 4156 959 4212 md,
982 4154 1038 4219 quo]
1059 4152 1173 4201 Telesina
1193 4151 1244 4199 fora
1265 4154 1368 4201 cem

323 4214 539 4264 mdaeemuuum
551 4216 637 4265 axillis
650 4216 766 4267 Numidis.
861 4219 1002 4267 deditionem
1023 4232 1091 4284 quarn
1111 4216 1210 4266 madetis
1228 4231 1292 4267 nunc
1309 4218 1372 4277 fieri,
1398 4226 1403 4233 '

357 4277 379 4310 ⁵⁸
395 4278 411 4307 ⁸
424 4277 574 4341 moutam]
595 4280 626 4329 Iit
641 4281 725 4330 indicio
740 4298 832 4333 accon·
863 4284 935 4347 qualis
954 4284 1001 4333 fuit
1019 4286 1065 4341 ills,
1084 4298 1128 4346 qus
1149 4282 1369 4347 quondam....Ds

323 4341 416 4391 runs
438 4344 467 4391 ds
485 4344 568 4393 lineri·
589 4344 612 4394 ld
639 4348 709 4395 crisa
730 4350 831 4399 Meum
861 4349 900 4397 illa
915 4352 989 4399 vereri
1007 4351 1176 4414 cmpurnun
1192 4349 1369 4405 dedtdonerid·

323 4408 385 4485 qaod
406 4407 480 4471 primo
507 4408 727 4485 calmum-frunt,
746 4428 832 4482 aaarpa
861 4417 1289 4482 amsmtmnmppsaertn·

324 4474 380 4526 rhos
391 4487 480 4538 qnoque
491 4472 631 4526 Numidas..
641 4508 664 4528 ..
