3092 5200
170 290 173 297 ’
309 330 371 401 ren.
632 314 1071 386 *uirtutum

143 485 286 539 nomas.
310 474 582 561 <semeptipsum
591 473 750 541 Romanus
763 475 1055 559 commisissetque
1069 468 1360 556 tornrnscoegiss'et

146 548 216 620 &⁰-
227 547 287 614 2¹⁶0
313 567 383 641 ‘ita
391 564 469 643 fieri,
479 562 621 632 eamdem
635 576 747 647 cogere
756 564 834 627 tueri
850 560 985 627 iactum!
1011 560 1062 625 Eu
1074 580 1137 625 non
1152 559 1270 644 majore
1284 578 1360 623 curra

314 661 465 737 praecepta
479 652 518 715 ab
533 650 661 715 ducibus
675 662 759 730 sunt,
773 672 866 732 quam
879 672 900 713 a
913 648 1061 713 militibus
1076 650 1256 727 observatat
1287 636 1359 709 bre·

314 740 404 821 rique
423 748 512 803 tenta
537 736 702 802 concordia
716 735 892 801 coaluerant
916 736 1053 799 omnium
1078 733 1193 813 animi;
1214 744 1251 797 ut
1263 752 1362 818 prope

316 826 362 887 in'
377 824 560 897 oblivionem
579 824 708 904 veniret,
729 845 791 905 qua
826 842 865 887 ex
901 820 1078 885 conditione
1115 822 1242 903 quisque
1278 830 1362 883 esset

316 911 405 974 miles
430 911 539 974 factus.
591 908 667 975 Hrec
702 911 808 993 egenti
838 908 979 971 Graccho
1001 907 1095 991 legati
1119 906 1251 971 meani
1280 924 1362 969 nun-

318 999 536 1080 sistuntque
564 1019 585 1059 a
611 996 777 1081 Campanis
791 996 906 1078 legatio
919 1014 1033 1079 paucos
1048 1006 1120 1059 ante
1135 994 1200 1057 dies
1219 993 1363 1069 venisset,

317 1096 352 1154 et
374 1083 449 1166 qnid
462 1083 501 1145 iis
521 1084 579 1167 ipsi
594 1082 829 1167 respondissent.
863 1078 1011 1144 Triduum
1026 1093 1098 1165 post
1109 1100 1180 1145 eum
1195 1080 1277 1143 diem
1300 1078 1363 1141 tes·

318 1182 385 1233 turn
408 1190 492 1231 esse:
517 1190 581 1235 non
604 1181 744 1232 senatum
758 1168 858 1231 solum
875 1188 998 1231 omnem
1012 1168 1055 1231 ibi
1065 1166 1210 1245 futurum,
1225 1165 1280 1229 sed
1293 1183 1365 1227 caa-

318 1267 367 1321 trs
394 1253 487 1317 etism
515 1264 548 1318 et
571 1255 739 1321 exercitum
769 1253 973 1337 Campanum.
1001 1251 1168 1333 Gracchus,
1192 1250 1286 1335 jussis
1299 1248 1362 1319 Cu-

318 1340 419 1407 manis
432 1340 542 1424 omnis
552 1360 592 1403 ex
605 1342 686 1422 agris
708 1341 743 1403 in
759 1342 864 1403 urbem
879 1338 1059 1419 convehere,
1085 1353 1121 1403 et
1139 1358 1264 1402 manue
1283 1337 1366 1401 intra

317 1447 433 1505 muros,
459 1426 524 1511 ipse
543 1426 653 1511 pridie,
666 1448 760 1509 quam
785 1438 902 1491 statum
926 1426 1109 1489 sacrificium
1125 1424 1290 1509 Campanis
1315 1443 1366 1487 es·

321 1526 379 1593 set,
393 1512 506 1575 Qmss
520 1526 625 1576 movet
639 1525 750 1577 castra.
792 1512 902 1577 Hernae
931 1512 1004 1575 inde
1026 1513 1086 1575 tria
1110 1512 1208 1575 millis
1221 1527 1364 1595 passim

319 1600 440 1662 absunt.
480 1596 555 1663 lam
567 1598 719 1683 Campmi
748 1622 786 1663 eo
812 1600 985 1681 frequentes
1009 1619 1048 1661 ex
1067 1598 1367 1681 comqmsitoconue«

190 1746 195 1749 .
225 1732 229 1739 -
321 1696 442 1764 nerunt,
457 1706 514 1752 nec
537 1686 645 1770 procul
664 1686 737 1749 inde
757 1687 789 1749 in
804 1687 925 1749 occultu
940 1682 1059 1747 Marius
1088 1683 1188 1748 Altius
1208 1681 1368 1745 Medium·-

192 1810 196 1815 -
320 1772 399 1835 ticina
415 1770 564 1851 (summus
585 1773 782 1855 magistratus
805 1784 870 1837 erat
885 1770 1064 1855 campanis)
1084 1792 1155 1835 cum
1184 1769 1369 1852 quatuorde-¹

322 1859 383 1921 cim
398 1858 530 1922 millibus
545 1870 733 1923 armatorum
753 1860 888 1923 habebat
903 1870 1025 1937 castra3
1050 1857 1199 1921 sucrificio
1212 1856 1367 1939 adparari·

203 1938 211 1957 ⁴
323 1945 375 2023 do,
391 1958 425 2008 et
439 1946 519 2009 inter
547 1945 581 2008 id
595 1944 779 2009 instruendae
794 1945 893 2009 fraudi
919 1945 1076 2027 aliquanto
1093 1943 1249 2019 intentior,
1272 1960 1366 2024 quam

322 2031 495 2097 muniendis
516 2032 634 2111 castris,
665 2044 719 2095 aut
740 2032 795 2095 ulli
812 2032 937 2096 militari
951 2031 1047 2114 operi.
1073 2028 1255 2093 ⁷⁴'I'riduum
1270 2027 1365 2091 recri-

322 2116 447 2181 iicatum
476 2115 517 2185 nd
535 2114 665 2181 Hmnas.
709 2115 902 2181 Nocturnum
923 2129 989 2181 erat
1010 2138 1139 2195 sacrum,
1161 2116 1264 2179 itaut
1292 2124 1368 2193 aute

321 2202 456 2267 mediam
485 2216 608 2265 noctem
633 2204 848 2287 compleretur.
884 2202 967 2268 Huic
992 2201 1147 2267 Gracchus
1162 2200 1367 2265 insidiandum

322 2289 455 2370 tempori
478 2298 571 2367 mnus,
600 2290 778 2353 custodibus
801 2290 1152 2375 superimposuisse
1175 2288 1241 2371 quis
1271 2306 1368 2349 enun-

322 2373 404 2437 ciare
419 2386 523 2456 posset
532 2385 645 2459 coepte,
665 2388 698 2439 et
712 2377 751 2439 eb
769 2376 890 2440 decima
903 2377 964 2440 diei
987 2378 1077 2440 hora‘
1091 2374 1206 2441 coactis
1220 2374 1370 2437 militibus

322 2479 450 2542 corpora
461 2479 580 2541 curare,
605 2484 774 2546 somnoque
795 2484 920 2547 operam
948 2463 1033 2542 dare,
1055 2474 1090 2527 ut
1115 2460 1221 2545 primis
1237 2459 1371 2524 tenebris

323 2546 485 2610 convenire
505 2546 545 2609 ad
572 2547 693 2632 signum
719 2562 855 2634 possent,
881 2549 987 2633 vigilia
1000 2550 1095 2613 ferme
1109 2548 1210 2632 prima
1223 2546 1290 2609 tolli
1300 2544 1370 2628 jus-

323 2633 364 2696 sit
375 2633 462 2716 signs
467 2657 478 2712 3
488 2634 649 2718 silentique
665 2636 820 2720 proiectus
829 2638 961 2722 agmine,
974 2657 1067 2719 quum
1079 2636 1120 2699 sd
1138 2634 1254 2699 Hamas
1265 2633 1370 2696 media

154 2721 236 2772 Com
323 2729 415 2782 nocte
439 2721 636 2804 pervenisset,
651 2734 752 2786 castre
766 2722 935 2808 Campana,
949 2735 985 2788 ut
999 2724 1030 2786 in
1046 2722 1202 2805 pervigilio
1217 2720 1370 2803 neglecte,

156 2787 273 2900 w
324 2803 413 2868 simul
431 2807 573 2870 omnibus
588 2808 684 2891 portis
699 2807 832 2873 invadit:
856 2811 933 2874 alios
948 2830 1057 2872 somno
1066 2820 1189 2887 stratos,
1205 2807 1280 2870 alios
1294 2825 1365 2888 per-

158 2914 287 2967 emmor.
322 2902 445 2976 petrano
472 2914 562 2955 sacro
591 2895 721 2956 inermes
751 2896 913 2958 redeuntes
941 2897 1114 2958 obtmncat.
1143 2895 1302 2956 hominum
1329 2913 1371 2954 eo

323 2979 456 3042 tumultu
485 2990 634 3062 noctrrmo
663 3001 740 3043 cesa
763 2981 832 3063 plus
869 2981 929 3044 duo
958 2981 1066 3060 millia,
1102 3001 1173 3044 cum
1203 2981 1271 3064 ipso
1292 2979 1369 3042 duce

323 3063 427 3128 Mario
440 3064 532 3128 Alfio.
543 3076 635 3152 capte
648 3079 719 3131 sunt
732 3065 822 3149 signa
835 3065 977 3130 militaria
990 3078 1118 3150 quantor
1133 3079 1165 3130 et
1176 3067 1312 3149 triginta.

366 3148 516 3215 XXXVI.
535 3149 704 3232 Gracchus,
724 3153 829 3228 ‚minus
858 3165 983 3220 centum
1013 3154 1146 3218 rnilitum
1157 3151 1282 3235 jactrrra
1302 3171 1369 3216 cut-

325 3234 380 3300 tris
394 3238 530 3302 hostium
553 3239 678 3322 potitus,
699 3235 813 3302 Cumas
838 3261 871 3302 sc
890 3261 1019 3324 propere
1047 3239 1173 3322 recepit,
1195 3240 1234 3302 ab
1249 3237 1371 3302 Hanni·

325 3325 394 3386 bale
419 3335 567 3402 mettrens,
582 3325 634 3406 qui
656 3346 745 3410 super
760 3323 898 3410 Capuam
928 3326 960 3388 in
974 3319 1085 3388 litatis
1111 3321 1245 3388 habebat
1259 3337 1372 3388 ωιτη.

324 3407 394 3472 Nec
416 3410 634 3493 eom-provida
660 3411 755 3476 firturi
773 3411 881 3474 fefellit
904 3411 1019 3494 opinio.
1037 3421 1108 3474 nem
1123 3409 1213 3472 simul
1229 3407 1375 3493 Capuam,

308 3496 365 3555 'ea
377 3494 480 3556 clades
495 3505 543 3556 est
562 3495 718 3574 nunciate,
731 3507 815 3559 rens
829 3497 998 3576 Hannibal,
1023 3497 1064 3560 ab
1078 3516 1110 3558 re
1122 3497 1202 3558 bene
1216 3507 1306 3579 gesta
1319 3495 1369 3560 iu·

326 3579 460 3642 solenter
483 3579 587 3643 latum
613 3581 781 3645 exercitum
803 3583 947 3664 tironum,
962 3603 1075 3666 magns
1088 3603 1128 3646 ex
1152 3593 1250 3666 perte,
1266 3602 1372 3646 serro-

326 3684 464 3764 rumque,
492 3664 675 3749 spoliantem
689 3669 797 3750 victos,
811 3671 988 3756 predaeque
1009 3681 1163 3753 egentem,
1187 3670 1227 3732 ad
1252 3667 1374 3732 Hamas

599 3889 1105 3951 imduddtclmdia'dstunliott·
1180 3843 1183 3848 1

353 4055 380 4097 ⁹⁴
396 4055 506 4110 rmu-
524 4053 669 4124 mnan·
684 4064 716 4114 sa
732 4041 836 4128 aaut
861 4077 910 4118 nr.
942 4065 1000 4118 ran
1015 4067 1056 4118 nn
1069 4065 1193 4130 tenum
1207 4064 1321 4114 suurn
1335 4079 1375 4114 a·

423 4125 529 4176 oberrat
551 4120 684 4178 Perizonius
708 4132 832 4180 verisimile
862 4131 1018 4194 uidendum·
1045 4133 1114 4191 benn
1137 4133 1158 4180 si
1184 4145 1276 4180 uncum
1296 4128 1371 4179 mlum

323 4201 379 4264 non⁴
389 4204 448 4266 ene,
465 4189 606 4251 cneum.
624 4195 665 4256 qui
680 4195 753 4258 pridie
765 4195 832 4246 istius
863 4207 960 4260 specu.
993 4199 1026 4248 At
1041 4198 1117 4248 tentus
1133 4196 1240 4263 praedat
1253 4197 1336 4257 mtic,
1350 4194 1376 4242 si

322 4249 664 4386 salinum
607 4255 768 4374 tunc
859 4260 1374 4378 *utrium

322 4380 371 4428 luto
387 4377 492 4432 debui*
512 4399 567 4435 enm
583 4403 632 4438 rem
653 4339 833 4454 123th
860 4341 1248 4451 umrmsiloeeroestrinrt.

319 4458 413 4513 quoqu.
422 4458 536 4516 tenpore,
552 4465 583 4504 nc
593 4453 830 4519 teditqdetqeren·
