3092 5200
357 362 422 421 428
778 358 862 419 'l'l'l'l
881 358 983 422 LlVll

191 526 330 581 utam.
355 517 514 600 pervade
537 526 613 579 nota
626 513 802 579 Metaurum
825 513 938 575 flumen
964 512 1105 575 tranavit.
1131 512 1175 575 ita
1201 512 1354 575 desertum
1383 532 1419 574 a·

189 592 328 647 mm·
356 605 482 666 ducibus
497 623 606 685 agmen
628 603 727 683 primo
747 622 802 683 per
822 620 910 681 agros
932 600 1072 681 palatnr3
1099 602 1126 637 ⁴²
1138 598 1269 679 fessique
1284 600 1420 683 aliquot·

356 710 464 753 somno
486 710 524 751 ac
536 688 646 770 vigiliis
659 697 800 749 stemunt
822 706 950 768 corpora
965 686 1089 767 passim,
1113 695 1206 766 atque
1226 684 1419 765 infrequen-·

355 776 399 837 tia
419 775 570 855 reliquunt
592 775 689 855 signa.
732 771 919 850 Hasdrubal,
943 771 1015 833 dum
1043 770 1095 833 lux
1110 771 1191 834 viam
1213 772 1399 849 ostenderet,

355 861 421 943 ripa
434 860 565 923 flustris
586 860 675 941 signa
694 859 766 921 ferri
789 857 897 940 jubet:
922 867 955 918 et
976 876 1030 938 per
1052 858 1181 919 tortuosi
1202 858 1301 919 amnis
1316 857 1415 919 sinus·

353 946 507 1028 flexusque
533 966 665 1008 errorem
678 945 800 1007 volvens
826 944 908 1005 hand
932 942 1062 1005 multum
1085 944 1244 1027 processit,
1268 945 1320 1005 nbi
1336 946 1417 1026 pri-·

353 1052 406 1095 ma
427 1034 480 1094 lux
501 1034 661 1095 transitum
683 1042 889 1113 opportunum
912 1029 1107 1107 ostendisset,
1129 1030 1319 1091 transiturus.
1343 1031 1398 1091 sed

352 1138 457 1199 quum,
473 1122 499 1157 ⁴³
508 1132 656 1201 quantam
671 1138 755 1179 mare
770 1116 963 1193 abscedebat,
984 1126 1071 1177 tanto
1083 1116 1239 1177 altioribus
1252 1116 1414 1177 coerceam

353 1204 434 1267 tibus
454 1226 576 1267 amnem
599 1205 683 1287 ripis,
708 1224 772 1265 non
795 1202 942 1265 inveniret
962 1202 1050 1280 vada,
1072 1202 1154 1263 diem
1176 1202 1304 1263 terendo
1326 1222 1397 1283 spa-

352 1290 431 1352 tium
446 1291 532 1354 dedit
547 1290 587 1353 ad
601 1290 819 1371 insequendum
835 1308 901 1351 sese
917 1287 1007 1351 hosti.

187 1366 325 1431 mim·
404 1375 547 1439 XbVlll.
579 1374 663 1439 Nero
696 1376 827 1458 primum
864 1394 935 1435 cum
972 1374 1056 1435 omni
1093 1373 1231 1454 equitatu
1269 1375 1399 1437 advenit.

186 1444 296 1548 {⁸222
353 1462 476 1525 Porcius
502 1462 613 1525 deinde
636 1462 798 1525 adsecutus
823 1480 892 1522 cum
919 1460 976 1521 levi
1003 1471 1165 1521 armatura.
1219 1460 1280 1531 Qui
1303 1480 1412 1544 quum¹

202 1567 209 1577 ·
353 1549 465 1611 lassum
487 1569 597 1631 agmen
619 1558 781 1633 carperent
804 1548 844 1609 ab
865 1546 949 1609 omni
971 1558 1056 1629 parte
1079 1545 1338 1627 incursarentque,
1364 1560 1397 1609 et

347 1633 426 1717 jam,
449 1637 562 1698 omisso
589 1634 707 1712 itinere,
729 1633 810 1715 quod
840 1631 1040 1710 fugerimus
1064 1643 1140 1709 erat,
1164 1634 1409 1697 castrametari.

353 1720 463 1783 Poenus
489 1722 522 1784 in
544 1722 664 1783 tumulo
689 1740 780 1801 super
803 1718 933 1781 fluminis
958 1719 1055 1801 ripam
1069 1718 1180 1795 vellet3
1209 1718 1332 1781 aduenit
1345 1717 1396 1779 li-

352 1808 416 1869 vius
442 1808 579 1890 peditum
608 1807 750 1869 omnibus
775 1806 882 1887 copiis,
909 1824 971 1867 non
988 1804 1114 1865 itineris
1143 1805 1248 1883 modo,
1278 1805 1331 1867 sed
1356 1805 1396 1867 ad

353 1894 572 1957 conserendum
591 1893 747 1975 extemplo
769 1892 909 1975 proelium
924 1890 1078 1953 instructis
1092 1891 1288 1972 armatisque.
1332 1888 1396 1951 Sed

353 1980 406 2041 nbi
420 2001 527 2042 omnes
541 1980 646 2063 copias
668 1978 902 2060 conjunxerunt,
925 1976 1101 2057 directaque
1124 1976 1203 2038 acies
1222 1990 1279 2053 est,
1302 1976 1409 2038 Clau--

223 2136 230 2149 ⁹
264 2069 272 2083 ⁸
353 2065 420 2127 dius
442 2066 551 2129 dextro
574 2067 606 2129 in
633 2086 738 2143 cornu,
764 2062 865 2125 Livius
892 2062 930 2125 ab
952 2063 1073 2124 sinistro
1095 2081 1227 2144 pugnam
1249 2062 1394 2123 instruit:

329 2153 456 2213 'media
470 2154 551 2214 acies
565 2152 686 2235 praetori
701 2151 824 2219 ,tuenda
848 2150 945 2211 datur.
988 2147 1170 2225 Hasdrubal,
1196 2148 1306 2209 omissa
1321 2168 1393 2209 mu-

233 2233 242 2249 ⁰
351 2238 468 2299 uitione
493 2250 673 2315 castromm,
701 2248 864 2319 postquam
897 2234 1094 2317 pugnandum
1126 2234 1211 2312 vidit,
1238 2234 1270 2295 in
1294 2234 1397 2315 prima

352 2322 418 2383 acie
431 2334 503 2384 ante
518 2326 606 2405 signa
620 2324 799 2404 elephantos
819 2322 970 2383 conlocat.
994 2321 1076 2383 circa
1091 2341 1144 2383 eos
1157 2319 1231 2382 laevo
1245 2320 1278 2381 in
1299 2340 1396 2383 conrn

351 2408 493 2469 adversus
508 2408 670 2471 Claudium
684 2406 790 2471 Gallos
813 2407 949 2490 obponit,
972 2406 1054 2469 hand
1079 2416 1204 2482 tortum,
1222 2406 1266 2467 eis
1288 2405 1406 2485 fidens,-

350 2504 497 2577 quantnm
512 2495 552 2555 ab
566 2494 655 2557 hoste
667 2494 778 2557 timeri
801 2514 854 2557 eos
878 2494 1033 2555 credebat.
1056 2494 1121 2574 ipse
1141 2492 1284 2555 dextrum
1300 2512 1393 2555 cornu

350 2578 491 2642 adversus
506 2576 554 2641 M.
564 2578 683 2644 livium
706 2579 764 2642 sibi
791 2590 882 2661 utrque
898 2578 1057 2662 Hispanis,
1075 2576 1119 2658 (et
1143 2579 1185 2642 ibi
1208 2579 1341 2642 maxima
1362 2580 1394 2641 in
1451 2603 1460 2615 ·

350 2677 452 2726 vetere
467 2666 564 2729 milite
579 2687 666 2749 spem
681 2666 826 2745 babebat)
850 2667 969 2730 sumsit.
1012 2665 1138 2748 Ligures
1160 2666 1191 2726 in
1207 2666 1310 2728 medio
1325 2679 1395 2748 post

350 2749 528 2834 elephantos
543 2753 654 2834 positi3
675 2753 729 2816 sed
743 2753 981 2834 longior,·quam
996 2752 1097 2830 latior,
1113 2753 1192 2814 acies
1208 2763 1284 2814 erat.
1321 2751 1403 2815 Gal·.

351 2836 396 2898 los
411 2837 586 2920 prominens
599 2839 687 2903 collis
701 2839 838 2920 tegebat.
881 2837 927 2901 lta
942 2838 1035 2916 frons,
1055 2859 1147 2918 quam
1163 2836 1294 2920 Hispani
1310 2849 1403 2905 tenc·,

350 2923 437 3002 bant,
451 2943 522 2986 cum
535 2925 660 2988 sinistro
675 2925 885 2988 Romanorum
901 2945 994 2988 cornu
1014 2924 1178 2986 concurrit.
1198 2924 1307 2986 dextra
1328 2945 1394 2986 om-

350 3009 398 3070 nis
413 3010 494 3072 acies
515 3026 604 3075 extra
626 3012 767 3094 proelium
795 3013 931 3075 eminens
954 3012 1102 3074 cessabat.
1127 3010 1213 3072 collis
1238 3011 1402 3094 obpositae-

351 3098 486 3176 arcebat,
501 3117 539 3160 ne
555 3109 609 3160 aut
623 3119 643 3159 a
657 3097 768 3174 fronte,
791 3111 844 3160 ant
860 3098 898 3158 ab
912 3097 1006 3160 latere
1022 3096 1268 3176 adgrederentur.
1312 3095 1396 3160 lnter

255 3198 263 3216 ·
349 3178 467 3244 livium
484 3182 767 3265 Hasdrubalemque
790 3184 896 3264 ingens
922 3195 1114 3246 contractum
1138 3193 1293 3246 certamen
1318 3194 1395 3260 erat,

350 3279 498 3349 atroxque
519 3270 617 3332 caeles
631 3271 785 3351 utrimque
800 3270 956 3332 edebatur.
977 3269 1018 3330 ibi
1034 3269 1126 3330 duces
1142 3271 1244 3347 ambo,
1267 3270 1308 3330 ibi
1325 3289 1396 3350 pars

349 3353 449 3436 major
462 3355 601 3438 peditum
623 3356 819 3438 equitumque
834 3354 1060 3418 Romanorum:
1076 3355 1128 3419 ‚ibi
1145 3351 1285 3437 Hispani,
1308 3351 1402 3416 vetus*

349 3439 437 3501 miles
467 3442 641 3522 peritusque
670 3441 817 3502 Romana
846 3459 965 3522 pugnae,
997 3452 1029 3504 et
1059 3439 1195 3522 Ligures,
1225 3442 1333 3504 durum
1363 3441 1403 3506 in.

349 3527 441 3588 armis
456 3546 562 3608 genua.
577 3526 686 3590 eodem
701 3525 779 3590 versi
795 3525 962 3608 elephanti,
983 3527 1034 3608 qui
1049 3527 1148 3610 primo
1164 3527 1267 3610 inpetu
1289 3528 1396 3588 tnrba-

348 3622 456 3672 verant
478 3612 704 3693 antesignanos,
726 3622 759 3673 et
778 3610 845 3692 jam
868 3612 956 3695 signa
977 3625 1134 3675 moverant
1157 3613 1245 3676 loco:
1270 3613 1396 3691 deinde,

347 3709 505 3759 crescente
520 3697 687 3760 certamine
701 3697 890 3775 etelrmore,
916 3697 1105 3780 inpotentius
1112 3747 1115 3754 .
1117 3697 1184 3780 jam
1193 3699 1273 3781 regi,
1298 3711 1330 3760 et
1344 3699 1394 3759 in·

347 3794 395 3844 ter
419 3783 495 3844 duas
517 3783 597 3844 acics
624 3784 746 3862 versari,
771 3783 856 3846 velut
880 3783 989 3846 incerti
1011 3805 1138 3866 quorum
1166 3795 1283 3846 essent:
1311 3783 1396 3846 haud

346 4083 484 4155 Prnlenlam
499 4107 561 4161 inde,
586 4119 638 4168 qne
660 4103 855 4220 omatibus
885 4114 936 4182 tpqr
947 4107 1035 4170 κεῖρε,
1053 4105 1242 4170 quemrdmodnrn
1260 4104 1315 4154 illud
1334 4079 1401 4160 Vir-f

345 4167 421 4217 MSS.
437 4170 512 4231 aban,
527 4182 552 4218 et
566 4185 660 4233 prorem
777 4182 796 4226 t,
814 4171 856 4217 dc·
884 4171 942 4233 grln,
955 4179 1058 4232 terreque
1073 4173 1176 4234 urbesque
1192 4173 1322 4220 rudant..
1340 4169 1401 4224 Τυ,

345 4229 600 4308 testamentarius
617 4235 731 4288 Rhenano
747 4245 775 4287 et
791 4232 855 4288 Gre-
885 4250 940 4284 men
957 4235 1059 4298 plerique
1078 4237 1145 4293 editi,
1156 4247 1187 4313 'aa
1203 4235 1333 4284 Victorinus
1351 4249 1395 4284 to·

345 4307 433 4392 ”33⁰³
446 4334 778 4429 tas...massrgrss]
792 4363 855 4414 ans
883 4299 1395 4430 ssilfflfflfflffliffi

345 4423 789 4556 nqqrqimqus.
796 4495 855 4543 Dte·
883 4441 922 4480 tur
933 4440 958 4480 et
968 4429 1059 4480 sunna
1078 4473 1082 4481 .
