3092 5200
248 347 263 362 ‘
373 373 412 430 so
766 367 869 429 uun
888 367 988 428 mvn
1067 383 1075 434 ε

274 521 350 575 ·⁵³⁴·
374 521 465 586 minis
480 521 649 602 victoriam,
669 521 817 613 Romanis
832 523 1000 608 portendit.
1018 547 1021 552 ’
1045 518 1091 585 Ut
1100 531 1131 599 ⁰,
1145 542 1178 583 re
1197 519 1242 585 ita
1259 533 1359 604 gesta,
1379 521 1421 583 ad

234 621 240 637 ·
275 586 349 676 ·²¹,⁰·
374 619 536 693 utrumque
551 611 658 674 ducem
678 611 723 672 sui
742 612 907 690 redierunt,
929 615 1022 679 ¹’ricc
1037 607 1175 693 Scipioni
1198 621 1280 672 stare
1294 618 1420 676 senteu-

374 697 420 759 tia
433 708 564 780 poterat,
579 697 638 760 nisi
653 709 689 760 ut
702 719 742 760 err
753 699 888 768 consiliis
903 698 1071 780 coeptisque
1085 697 1182 758 hostis
1196 697 1309 779 etipse
1323 715 1420 758 cona-

375 793 424 845 tus
444 795 588 866 caperet:
621 795 654 846 et
677 783 885 848 Hannibalem
911 785 1072 862 incertum,
1097 795 1201 844 utnun
1224 794 1360 866 coepturn
1388 782 1420 841 in

375 868 498 932 ltaliam
513 871 685 934 intenderet
703 872 771 950 iter,
793 893 833 934 an
848 890 918 933 curn
933 891 982 948 eo,
1008 871 1060 951 qui
1079 870 1196 952 primus
1209 889 1243 930 ee
1258 868 1420 942 obmlisset

376 955 532 1019 Romanus
544 957 704 1037 exereitus,
724 977 833 1020 manus
849 967 1031 1034 consereret,
1052 953 1226 1020 ²⁰auertitl
1245 954 1418 1038 apmenti

374 1044 542 1106 certamine
563 1041 709 1106 Boiorum
735 1045 903 1126 legatorum
925 1043 1081 1125 regulique
1104 1041 1223 1125 Magali
1248 1042 1417 1104 advennrse

375 1130 427 1211 qui
442 1151 475 1192 se
491 1130 583 1192 duces
598 1131 751 1210 itinerum,
766 1132 867 1194 socios
882 1130 1007 1214 periculi
1019 1129 1095 1208 fore,
1110 1129 1318 1206 adfirmantes,
1332 1131 1358 1168 ¹¹
1369 1125 1418 1189 in·

374 1225 462 1298 tegro
476 1217 568 1294 bello,
584 1237 731 1298 nusquam
751 1230 824 1280 ante
843 1217 947 1278 libatis
959 1217 1083 1293 viribus,
1098 1213 1222 1278 ltaliam
1237 1213 1416 1295 adgredien-

370 1301 445 1362 dam
457 1312 594 1364 censent.
614 1301 786 1365 Multitudo
795 1303 926 1365 timebat
935 1301 1060 1383 quidem
1071 1302 1204 1380 hostem,
1214 1301 1349 1365 nondum
1360 1301 1416 1361 ob·

373 1386 495 1450 litereta
510 1387 657 1450 memoria
674 1388 837 1470 superioris
856 1388 944 1448 belli:
970 1387 1025 1448 sed
1045 1386 1143 1468 magis
1165 1388 1223 1450 iter
1245 1389 1416 1449 inmensum

371 1472 538 1556 Alpesque,
549 1475 576 1512 ²¹
583 1492 647 1534 rem
657 1473 741 1534 fama
750 1474 856 1555 utique
868 1473 1032 1555 inexpertis
1044 1473 1239 1552 horrendam,
1250 1473 1416 1534 metuebat.

415 1557 519 1621 XXX.
546 1558 653 1640 Itaque
681 1557 849 1638 Hannibal,
877 1571 1039 1643 postquam
1070 1559 1127 1642 ipsi
1154 1560 1306 1622 sententia
1330 1558 1417 1622 stetit

371 1665 498 1730 pergere
518 1645 572 1724 ire,
596 1657 688 1726 atque
713 1644 834 1708 Italiam
854 1657 968 1727 petere,
991 1646 1140 1707 advocata
1157 1647 1316 1723 concione,
1334 1645 1417 1706 varie

291 1727 298 1744 ⁸
371 1733 503 1808 militum
518 1743 618 1795 versat
639 1731 757 1795 animos
779 1733 960 1814 castigando
980 1731 1242 1814 adhortandoque.
1285 1729 1417 1794 ‘Mirari

371 1819 440 1898 ‘se,
455 1819 580 1901 quinam
594 1830 722 1901 pectora
735 1839 855 1902 semper
875 1818 1017 1901 inpavida
1031 1839 1138 1902 repens
1153 1831 1250 1880 terror
1264 1817 1417 1881 invaserit.

371 1906 452 1988 ‘per
466 1917 516 1968 tot
534 1926 630 1967 annos
649 1905 803 1968 vincentes
828 1925 882 1967 eos
908 1904 1062 1988 stipendia
1085 1905 1203 1981 sacere3
1226 1924 1326 1986 neque
1346 1914 1418 1964 ante

371 1993 382 2026 ‘
398 1991 549 2074 Hispania
562 1993 738 2070 excessisse,
750 2010 842 2072 quarn
854 2011 959 2053 omnes
979 1994 1182 2072 ”gentesque
1205 2002 1238 2052 et
1257 2002 1348 2052 terrie
1363 2011 1417 2067 ea,

371 2079 382 2111 ‘
397 2097 471 2157 quas
486 2079 548 2138 duo
563 2077 681 2138 diversa
694 2076 793 2138 maria
804 2078 1043 2160 amplectantur,
1054 2075 1357 2158 Karthaginiensium
1369 2097 1417 2137 es-

371 2163 476 2224 fsent.
530 2159 708 2244 indignatos
734 2163 857 2242 deinde,
882 2165 975 2245 quod,
1001 2165 1219 2245 “quicumque
1243 2160 1417 2244 Saguntum

371 2247 599 2326 ‘obsedissent
625 2250 705 2312 velut
727 2251 765 2311 ab
784 2270 909 2328 noxam,
931 2250 988 2312 sibi
1010 2249 1081 2311 dedi
1102 2250 1272 2332 postularet
1287 2249 1416 2332 populus

372 2336 383 2368 ‘
399 2333 565 2414 Romanus,
581 2333 700 2398 Iberum
720 2334 875 2418 trajecisse
890 2335 929 2398 ad
944 2336 1107 2398 delendum
1129 2355 1242 2398 nomen
1258 2335 1415 2400 Romano·

372 2421 475 2500 ‘rum,
490 2421 737 2504 liberandumque
756 2425 862 2485 orbern
881 2435 1039 2488 terrarum.
1081 2421 1163 2485 'I'um
1183 2423 1297 2486 nemini
1319 2423 1415 2484 vuum

372 2508 431 2569 ‘id
445 2507 581 2589 longum,
606 2529 698 2589 quum
714 2509 754 2572 ab
768 2529 881 2571 occasu
902 2509 974 2572 solis
996 2509 1036 2571 ad
1056 2518 1203 2572 exorceat
1223 2507 1416 2571 intenderent

372 2594 383 2627 ‘
398 2595 470 2659 iter:
489 2591 591 2674 Nunc,
606 2606 767 2677 postquam
782 2596 880 2659 multo
894 2594 1041 2678 majorem
1053 2609 1173 2678 partem
1184 2595 1301 2658 itineris
1310 2614 1415 2658 ernen-

356 2681 462 2743 1‘sam
474 2692 611 2760 cernant,
627 2681 801 2765 Pyrenaeum
820 2684 931 2746 saltum
942 2684 1021 2745 inter
1031 2682 1234 2745 ferocissimas
1247 2694 1353 2765 gentes
1365 2703 1417 2743 su·

371 2767 546 2851 ‘peratum
569 2767 765 2848 Rhodanum,
788 2782 909 2833 tanturn
930 2790 1063 2848 amnem,
1086 2782 1136 2833 tot
1157 2770 1291 2831 millibus
1310 2767 1417 2831 Gallo·

372 2855 382 2887 ‘
398 2875 464 2917 rum
476 2855 716 2937 prohibentibus,
724 2855 841 2919 domita
850 2855 1178 2939 etiamipsiusfluminis
1189 2857 1229 2933 vi,
1240 2853 1416 2937 trajectum,

310 2998 311 3003 ,
371 2939 383 2971 ‘
398 2940 429 3000 in
438 2952 604 3023 conspectu
616 2941 709 3023 Alpes
719 2942 865 3020 habeant,
875 2963 1003 3023 querum
1014 2943 1144 3005 elternm
1159 2943 1238 3003 latus
1250 2940 1349 3004 ltaliae
1359 2943 1416 3019 sit3

371 3025 383 3059 ‘
398 3026 429 3089 in
445 3026 518 3109 ipsis
533 3027 628 3109 portis
644 3027 779 3090 hostium
794 3028 938 3109 fatigatos
952 3029 1126 3107 subsistere,
1140 3028 1215 3110 qnid
1224 3027 1321 3111 Alpes
1333 3027 1414 3092 eliud

372 3112 463 3175 ‘esse
473 3114 737 3195 credentes,quem
744 3115 894 3177 montium
904 3114 1098 3179 altitudines?
1117 3113 1281 3195 lingerent
1292 3114 1415 3177 altiores

372 3198 383 3231 ‘
398 3196 530 3283 Pyrenei
540 3198 634 3282 jugis.
649 3200 747 3276 nullas
761 3201 901 3284 prolecto
916 3213 1011 3265 terras
1026 3201 1137 3263 coelum
1152 3202 1343 3282 contingere,
1357 3222 1416 3263 nec

371 3283 383 3317 ‘
397 3286 651 3369 inexsuperabiles
666 3288 801 3349 humano
814 3289 919 3369 generi
934 3308 1011 3351 csse.
1032 3287 1128 3369 Alpes
1136 3287 1261 3369 quidem
1272 3285 1416 3364 habitari,

371 3369 467 3449 ‘coli,
489 3373 615 3453 gignere
640 3384 733 3454 atque
759 3374 840 3436 alere
863 3375 1044 3438 animantes.
1068 3375 1185 3458 pervias
1206 3374 1313 3457 paucis
1337 3394 1415 3450 esse,
1510 3434 1533 3462 ,χ

404 3562 685 3615 ‘Uidelflronssren
790 3565 1009 3620 ‘ementem
1072 3551 1382 3621 =²srtanGromCren

406 3711 427 3749 ¹⁰
442 3709 489 3759 Nee
510 3710 606 3775 Ses'pr'sm
627 3722 683 3761 rtors
703 3716 809 3763 uotonis
829 3726 877 3777 pot·
909 3732 977 3781 quem
988 3728 1107 3783 expertus,
1116 3717 1264 3767 horrendum·

371 3774 431 3855 πᾳ]
461 3776 521 3854 'Hoc
547 3776 648 3829 debetur
679 3778 779 3839 Sigonio.
812 3780 878 3831 Prius
938 3782 962 3818 θ’
979 3782 1099 3846 Geticique
1114 3792 1136 3831 et
1155 3792 1219 3831 ten-e
1236 3800 1267 3831 se
1283 3816 1290 3831 .
1307 3814 1315 3831 .
1332 3816 1340 3829 .
1357 3781 1419 3831 Gor·

370 3840 538 3983 willerii]
551 3906 589 3957 ste
607 3918 632 3955 et
650 3907 761 3957 veturius
778 3911 834 3969 ensi,
851 3924 876 3961 et
908 3846 1078 3960 lihiiiullnalliell
1091 3846 1334 3976 emaum?
1351 3848 1416 3972 ling·

370 3973 456 4035 scripti.
487 3972 629 4025 Posteriores
654 3972 777 4033 editiones,
811 3991 876 4025 eoer·
907 3984 938 4023 tes
954 3984 976 4024 et
994 3986 1063 4026 teror
1083 3992 1134 4025 ers.
1153 4011 1159 4024 .
1177 3976 1419 4041 ‚corduginimsims

371 4042 436 4084 terat.
897 4038 1012 4102 ferinunt.
1034 4040 1066 4089 Et
1084 4041 1117 4089 sic
1126 4041 1216 4104 scripti,
1231 4042 1276 4090 aiei
1294 4043 1354 4104 quod
1372 4056 1416 4104 pro
1528 4033 1530 4046 ⁴

402 4098 552 4166 ⁹¹⁸lotegro
574 4099 639 4167 bello]
666 4102 734 4152 Belle
765 4116 877 4164 nosquam
898 4102 1209 4168 seriaestpreieniateoe.

372 4172 425 4209 sote
444 4174 543 4226 tentato,
566 4164 631 4229 cujus
647 4184 676 4216 ex
694 4178 804 4231 apparatu
823 4166 877 4212 riri·
939 4168 961 4202 ⁹⁴
975 4170 990 4197 ‘
1003 4168 1140 4233 Quintusque
1174 4170 1301 4235 &mum
1326 4171 1418 4218 dena

371 4224 458 4286 busque
479 4228 537 4277 nihil
558 4231 687 4281 delibatum
707 4244 747 4281 aut
766 4229 877 4278 imminu-
907 4231 965 4297 sent]
986 4233 1066 4284 Solum
1077 4235 1214 4283 Annibalem
1234 4238 1419 4298 depoposcerunt

370 4294 503 4339 merset.
907 4294 1013 4347 Roneni.
1045 4298 1092 4347 Sed
1116 4301 1155 4347 bic
1172 4300 1274 4347 Annibal
1295 4314 1343 4345 non
1368 4311 1420 4348 tera

391 4350 516 4409 ‚milon
529 4354 598 4418 sarra
617 4356 706 4423 atique]
741 4358 803 4408 Rern
836 4373 874 4406 sr-
907 4372 994 4422 spectet
1020 4362 1074 4424 quid
1097 4378 1177 4412 rerum
1201 4364 1241 4421 sit,
1266 4378 1336 4426 quarn
1362 4365 1419 4427 qnid
1499 4404 1503 4413 .

369 4414 440 4483 eme
452 4430 493 4479 per
511 4432 545 4475 ss,
572 4422 613 4469 sed
638 4422 810 4485 praearmat
827 4423 877 4485 quis
907 4422 1214 4489 invidiosominliomanos,
1229 4440 1254 4477 er
1275 4428 1305 4478 od
1319 4442 1418 4479 suorum

369 4496 423 4533 een
440 4494 468 4531 ex
490 4480 550 4535 tana
580 4494 671 4537 anton
693 4488 793 4547 amerit.
815 4501 876 4537 oon·
908 4488 996 4543 seinos
1005 4490 1179 4544 unumne
1190 4493 1296 4558 οὖσαι,
