3092 5200
344 361 384 415 32
777 355 863 414 Tm
878 355 981 415 Ltvtl

176 523 211 574 v.
221 523 251 576 c.
261 527 317 576 stt.
345 508 455 592 legatis
469 509 616 572 nunciata
637 521 749 588 essent,
772 520 805 571 et
817 492 942 572 Mutina
956 509 1191 591 praesidiumque
1212 509 1245 571 in
1259 511 1397 594 periculo

176 590 208 639 Λ·
221 589 437 673 ος219·,,εεεεῐ,
462 594 498 656 L.
510 593 646 658 Manlius
691 605 790 674 raetor,
814 596 859 658 ira
879 616 1035 673 accensus,
1060 595 1190 657 &usum
1217 618 1328 677 agmen
1356 599 1398 660 ad

176 654 282 783 ,hffl'
346 679 501 746 Mutinam
518 679 613 744 ducit.
658 618 747 744 dilue
768 694 844 744 tunc
862 681 944 742 circa
956 680 1038 743 mam
1053 691 1150 760 erant,
1174 683 1329 765 plerisque
1344 685 1394 745 in·

176 784 296 832 meterem
345 768 444 831 cultis.
460 767 512 847 ibi,
534 768 727 852 inexplorato
750 767 915 850 profectus,
936 767 1006 828 ”in
1028 767 1152 829 iusidias
1175 769 1395 852 praecipitatus,

174 848 242 910 8³³⁸·
344 853 501 936 multaque
517 875 587 916 cum
602 854 684 916 caede
704 875 828 915 suorum
850 875 929 934 aegre
951 853 983 916 in
1005 865 1127 936 apertos
1150 875 1277 938 campos
1292 877 1392 918 emer-

344 941 395 1001 sit.
423 941 465 1003 ibi
488 951 590 1002 castra
616 941 806 1001 communita
814 962 824 1015 3
852 949 893 1018 ct,
916 939 988 1021 quia
1002 937 1098 1011 Gallis
1122 940 1161 1001 ad
1184 941 1334 1004 tentanda
1355 963 1393 1003 ea

345 1025 442 1088 defuit
457 1048 538 1109 spes,
565 1025 671 1088 refecti
687 1038 758 1088 suut
774 1024 905 1087 militum
923 1026 1027 1103 animi,
1050 1047 1234 1108 quamquam
1251 1028 1391 1090 ¹adcisas

343 1134 391 1175 res
406 1113 480 1175 satis
496 1111 681 1176 constabat.¹
726 1111 786 1174 Iter
809 1111 919 1173 deinde
943 1112 981 1172 de
997 1113 1115 1194 integro
1139 1123 1294 1195 coeptum,
1323 1135 1392 1192 uec,

344 1199 417 1261 dum
432 1221 487 1282 per
502 1199 641 1282 patentia
667 1198 736 1260 loca
757 1197 922 1258 ducebatur
945 1219 1067 1278 agmen,
1089 1199 1255 1284 ’adparuit
1269 1200 1389 1276 hostis;

340 1286 394 1346 ubi
411 1306 511 1346 rursus
527 1285 606 1346 silvae
621 1287 752 1362 intratae,
777 1295 842 1345 tum
862 1296 1033 1366 postremos
1054 1285 1165 1363 adorti,
1192 1307 1262 1346 cum
1278 1304 1391 1368 magua
1409 1357 1414 1364 .

342 1371 547 1454 trepidatione
562 1393 599 1432 ac
614 1371 724 1454 pavore
747 1370 895 1447 omnium,
916 1371 1111 1452 octingentos
1134 1371 1246 1433 milites
1267 1363 1391 1434 occide-

340 1468 422 1534 runt,
447 1479 500 1518 sex
516 1457 605 1538 signa
626 1453 776 1520 ademere.
821 1453 904 1516 linis
926 1467 959 1517 et
980 1454 1077 1518 Gallis
1092 1457 1262 1535 territandi,
1285 1470 1317 1519 et
1332 1479 1390 1540 pa·
1413 1517 1417 1529 ,

340 1542 430 1605 vendi
448 1543 597 1605 Romanis
625 1542 694 1620 fuit,
717 1555 752 1604 ut
775 1552 822 1603 e¹¹¹
846 1542 926 1603 saltu
951 1541 1032 1604 invio
1054 1554 1146 1626 atque
1168 1543 1303 1626 inpedito
1319 1565 1392 1605 eva-

340 1651 417 1692 sere.
442 1630 525 1707 inde‚
547 1631 659 1713 apertis
675 1629 749 1690 locis
765 1627 854 1689 facile
877 1639 1012 1690 tutantes
1036 1649 1156 1710 agmen,
1179 1627 1310 1690 Romani
1323 1628 1390 1691 Ta·

273 1718 275 1726 '
339 1725 458 1793 netum,
485 1717 584 1778 vicum
608 1715 810 1798 propinquum
824 1713 919 1792 Pado,
940 1715 1148 1777 contendere:
1176 1715 1218 1776 ibi
1240 1737 1272 1776 se
1288 1717 1391 1778 muni-

341 1815 446 1864 mento
462 1802 502 1862 ad
525 1814 645 1886 tempus
669 1801 950 1881 commeatibusque
974 1801 1106 1862 fluminis
1128 1813 1160 1863 et
1176 1800 1389 1864 Brixianorum

340 1885 501 1950 Gallorum
518 1887 642 1966 auxilio,
667 1888 808 1949 adversus
823 1898 1010 1950 crescentem
1025 1888 1057 1950 in
1072 1887 1137 1949 dies
1159 1887 1390 1952 multitudinem

342 1973 487 2050 hostium,
504 1975 692 2036 tutabantur.

384 2057 502 2120 XXVI.
525 2059 584 2128 Qui
609 2059 756 2122 tumultus
781 2081 889 2142 repens
912 2072 1075 2143 postquam
1098 2071 1145 2123 est
1160 2057 1294 2122 Romam
1318 2082 1391 2145 per·

343 2144 434 2224 latus,
461 2155 493 2207 et
507 2143 654 2205 Punicum
681 2146 804 2229 insuper
825 2145 944 2208 Gallico
967 2147 1047 2208 bello
1069 2159 1192 2208 auctum
1208 2145 1314 2209 Patres
1338 2170 1391 2209 ac·

240 2289 243 2296 ,
343 2242 490 2313 ceperunt
497 2253 506 2308 3
535 2229 569 2292 C.
580 2230 709 2293 Atilium
735 2243 894 2314 praetorem
914 2241 991 2294 'curn
1018 2254 1079 2294 uua
1104 2234 1224 2314 legione
1248 2231 1392 2296 Romana

297 2359 301 2370 .
343 2325 375 2378 et
398 2317 530 2399 quinque
545 2317 678 2379 millibus
691 2319 858 2396 ¹sociorum,
882 2315 1002 2380 delectu
1027 2340 1107 2382 novo
1130 2341 1149 2380 a
1168 2319 1291 2381 consule
1312 2341 1389 2382 con·

344 2402 474 2486 scriptia,
501 2404 647 2466 auxilium
669 2404 746 2466 ferre
762 2403 882 2466 Manlio
897 2403 1029 2487 jubente
1058 2406 1109 2488 qui
1133 2406 1198 2467 siue
1213 2405 1275 2467 ullo
1290 2420 1391 2470 certa-

343 2489 426 2550 mine
454 2489 675 2556 (abscesserant
697 2492 779 2553 enim
805 2503 891 2553 metu
916 2491 1032 2573 hostes)
1061 2489 1217 2555 'fanetum
1243 2495 1391 2575 pervenit.

174 2573 332 2625 neomenia
343 2571 385 2637 Et
415 2573 448 2639 P.
464 2575 631 2656 Cornelius,
660 2578 691 2639 in
721 2578 822 2640 locum
850 2577 925 2661 ejus,
954 2601 1021 2661 quae
1042 2577 1143 2662 ¹missa
1168 2601 1237 2641 cum
1263 2574 1411 2662 praetore*

174 2640 307 2757 ξζεᾟ
344 2662 453 2741 suerat,
478 2666 660 2748 transcripta
674 2663 796 2746 legione
807 2664 1071 2749 uova,'profectus
1087 2668 1126 2728 ab
1140 2667 1215 2728 urbe
1230 2667 1391 2749 sexaginta

175 2724 316 2824 smerdem.
344 2749 466 2833 ⁸longis
486 2752 623 2831 navibus,
650 2764 759 2835 praeter
782 2774 866 2814 oram
881 2751 1009 2814 Etruriae
1024 2751 1239 2835 Ligurumque,
1264 2765 1296 2815 et
1318 2753 1390 2815 iude

173 2835 256 2888 aba,
344 2832 468 2921 Salyum
500 2849 630 2916 montes,
656 2839 795 2921 pervenit
817 2836 998 2918 Massiliam,
1029 2851 1061 2901 et
1083 2840 1122 2901 ad
1144 2840 1316 2922 proximum
1338 2862 1390 2901 os·

344 2922 420 2983 tium
435 2922 579 2986 Rhodani
608 2923 754 3009 (pluribus
776 2925 857 2986 enim
883 2925 996 2987 divisus
1019 2926 1117 2987 amnis
1132 2925 1163 2986 in
1181 2947 1261 2986 mare
1277 2925 1389 2988 decur-
1449 2998 1456 3002 .

344 3008 396 3089 rit)
426 3022 526 3071 castra
540 3010 641 3073 locat:
668 3011 792 3073 vixdum
815 3012 889 3073 satis
910 3012 1047 3089 credens,
1074 3010 1279 3073 Hannibalem
1295 3032 1389 3095 supe-

343 3115 423 3157 rasse
439 3094 596 3181 Pyrenaeus
612 3109 742 3161 montes.
758 3118 848 3180 quem
864 3109 899 3161 ut
914 3098 952 3159 de
967 3097 1109 3160 Rhodani
1125 3118 1243 3180 quoque
1259 3099 1389 3161 transitu

342 3182 458 3264 agitare
489 3184 713 3263 animadvertit,
744 3185 887 3264 incertus,
926 3205 1059 3266 quonam
1088 3184 1116 3245 ei
1146 3184 1216 3246 loco
1245 3186 1388 3246 obcurre-

341 3280 399 3348 ret,
426 3270 557 3333 necdum
583 3272 656 3333 satis
683 3272 805 3335 refectis
833 3272 872 3333 ab
893 3270 1066 3354 jactatione
1096 3272 1251 3332 maritima
1280 3270 1386 3331 militi-

341 3354 408 3433 bus,
424 3368 578 3419 trecentos
594 3358 714 3421 interim
737 3359 871 3421 delectos
892 3357 1021 3439 equites,
1042 3356 1169 3418 ducibus
1184 3354 1387 3417 Massiliensi-

341 3440 397 3503 bus
412 3454 444 3504 et
459 3444 654 3505 auxiliaribus
669 3442 776 3521 Gallis,
797 3443 837 3504 ad
860 3444 1049 3525 exploranda
1070 3441 1173 3503 omnia
1186 3442 1388 3523 visendosque

341 3548 380 3588 ex
402 3537 469 3589 tuto
484 3528 588 3589 hostes
607 3528 776 3609 praemittit.
820 3526 987 3608 Hannibal,
1011 3528 1120 3593 ceteris
1142 3534 1226 3590 metu
1247 3538 1301 3589 aut
1315 3548 1387 3610 pre-

340 3610 386 3674 tio
401 3614 531 3694 pacatis,
549 3612 613 3695 jam
637 3614 668 3675 in
684 3612 849 3678 Volcarum
872 3628 1049 3698 pervenerat
1073 3636 1190 3699 agnum,
1216 3614 1317 3696 gentis
1331 3634 1388 3674 va-

341 3697 419 3760 lidae.
465 3697 578 3767 Colunt
603 3711 707 3762 autem
734 3701 817 3764 circa
838 3714 997 3786 utramque
1019 3704 1117 3785 ripam
1132 3700 1296 3763 Rhodani:
1321 3700 1389 3778 sed,

340 3784 430 3846 diffisi
461 3786 614 3849 citeriore·
631 3808 705 3870 agro
734 3789 830 3852 arceri
852 3788 979 3851 Poenam
1003 3810 1104 3874 posse,
1133 3800 1168 3850 ut
1190 3788 1303 3850 buaren
1332 3808 1388 3871 pro

379 3912 386 3951 ¹
395 3933 526 3982 quamquam
536 3920 567 3967 ud
579 3917 607 3967 C.
616 3921 718 3969 cecata
726 3923 780 3971 aris
788 3922 899 3971 sentabat
909 3922 984 3974 Doer.
995 3922 1057 3987 Rup.
1124 3929 1141 3955 ¹¹
1152 3938 1178 3971 se
1189 3920 1264 3969 Gran.
1276 3920 1347 3969 Cres.

338 4034 468 4095 eraserim,
486 4034 599 4095 Andreas,
614 4032 752 4100 Campanus,
768 4048 793 4086 et
810 4036 846 4085 Si·
877 4040 983 4089 eccidisse
1023 4038 1145 4089 Numerus
1162 4052 1272 4088 mserum
1293 4036 1320 4084 ia
1341 4050 1390 4083 arn-

338 4098 434 4157 gonius:
447 4102 651 4151 medisinam.
877 4104 946 4165 bauo
956 4116 1001 4154 est.

370 4162 392 4196 a
409 4160 537 4212 retusam
549 4166 843 4229 offerimusque]
914 4168 1050 4232 *amno
1079 4165 1156 4234 tosa]
1179 4165 1248 4218 Anse'
1268 4164 1389 4228 storiam

340 4220 385 4299 Vel
406 4224 502 4275 delenda
524 4243 559 4279 eet
575 4232 687 4296 partituls
704 4248 754 4295 pue,
777 4248 847 4295 quam
876 4233 995 4295 legebatur
1014 4249 1082 4296 mum
1100 4234 1214 4295 apportem
1252 4232 1294 4281 llle
1315 4229 1390 4293 pani-

286 4314 294 4332 .
339 4286 426 4348 aliquot
437 4290 493 4337 editi
503 4307 550 4342 non
566 4308 700 4359 agriacum,
716 4297 753 4345 rel
768 4298 846 4359 legen·
877 4300 951 4348 culsm
964 4315 1031 4363 mum
1040 4298 1126 4347 merim
1135 4297 1214 4348 erasit.

339 4352 395 4399 dum
403 4354 561 4430 precipitante.
909 4363 1020 4430 ’longis
1039 4363 1142 4427 multra]
1163 4362 1267 4413 Naribus
1285 4357 1388 4409 bellicis·

374 4416 486 4494 {Accaus
495 4418 539 4481 res]
561 4422 594 4470 Er
611 4424 684 4473 MSS.
702 4437 766 4477 reete
784 4424 845 4475 Gro-
877 4428 934 4479 vu.
943 4441 994 4481 not.
1005 4430 1042 4479 12
1051 4428 1080 4478 ad
1090 4442 1111 4477 e.
1122 4428 1224 4479 28.l.v.

339 4494 420 4533 murus
431 4482 539 4535 &mouet
556 4485 679 4547 legendum
694 4507 743 4541 esse
753 4492 793 4545 ad.
801 4526 808 4544 .
817 4528 840 4545 ..
