3092 5200
496 356 575 416 Llll.
589 354 706 416 xxm
725 356 808 417 CAR
827 357 926 417 xvtr.
1175 364 1233 427 1⁵5

188 509 272 595 sequi
294 508 406 595 jussit:
433 510 556 575 calones
583 512 719 595 lixasque
743 521 775 573 et
795 500 944 573 tristium
959 510 1071 573 milites
1086 512 1231 575 ⁷'valluot
1244 530 1277 581 u.
1290 534 1388 587 cuae.

186 596 273 659 ferre.
288 597 390 659 media
401 610 492 681 porta
507 598 617 660 robora
628 598 782 679 legionum
798 608 831 659 et
842 596 998 659 Rourenos
1012 598 1139 678 equites,
1155 598 1231 661 dua·
1245 598 1275 645 Α·
1287 600 1315 649 0
1324 598 1382 649 ⁹¹⁶·

188 683 243 744 bus
258 683 340 745 circa
366 684 463 765 portis
478 704 573 746 nouos
599 683 710 745 militas
735 683 890 765 levemque
906 694 1089 745 armaturam
1115 704 1151 745 ac
1180 704 1231 745 so-

185 768 302 831 ciorum
318 769 434 851 equites
446 770 564 833 statuit.
601 766 715 833 Nolani
730 790 833 831 muros
847 780 1009 852 portasque
1024 768 1108 831 adire
1122 770 1232 849 vetiti3

184 854 412 937 ”subsidiaque
442 855 595 919 destinata
634 855 850 939 inpedimentis
880 855 963 932 data,
993 876 1044 933 ue,
1075 854 1232 938 occupatis

186 940 296 1023 proelio
310 942 477 1023 legionibus
489 943 519 1003 io
535 963 573 1005 ea
580 942 703 1024 inpetus
712 941 809 1004 fieret.
825 942 869 1002 ita
883 940 1021 1003 instructi
1036 940 1116 1003 intra
1127 954 1232 1024 portus

186 1026 319 1089 stabant.
342 1026 520 1104 Hannibali,
532 1030 588 1091 sub
602 1028 696 1109 signis
715 1026 760 1107 (id
775 1028 857 1109 quod
870 1047 924 1109 per
938 1026 1054 1109 aliquot
1069 1026 1134 1089 dies
1150 1026 1233 1090 fece

189 1112 249 1193 rat)
281 1114 322 1174 ad
349 1114 478 1177 multum
493 1113 554 1176 diei
580 1114 612 1175 in
639 1114 706 1175 acie
732 1113 836 1191 stanti,
859 1112 958 1196 primo
985 1113 1131 1175 miraculo
1155 1132 1233 1193 esse,

188 1198 270 1281 quod
285 1220 342 1261 nec
367 1201 517 1282 exercitus
534 1198 690 1263 Romanus
704 1211 796 1281 porta
809 1199 1011 1281 egrederetur,
1026 1220 1084 1261 uec
1099 1211 1233 1263 armatus

187 1286 346 1367 quisquam
373 1286 404 1347 in
430 1286 523 1347 muris
552 1298 641 1349 esset
677 1299 759 1348 ratus
783 1284 893 1347 deiude
923 1286 1046 1367 prodita
1071 1285 1234 1367 conloquia

187 1391 264 1447 esse,
275 1384 419 1455 metuque
434 1372 546 1433 resides
561 1372 671 1449 factos,
686 1384 805 1455 portem
818 1371 948 1433 militum
964 1372 994 1433 iu
1009 1382 1110 1433 castra
1124 1372 1232 1433 remit-

185 1457 236 1533 tit,
247 1456 349 1539 jussos
364 1479 492 1541 propere
513 1459 693 1540 adparatum
720 1478 844 1519 omnem
871 1456 1081 1539 obpugnanda
1103 1457 1233 1519 urbisin

189 1544 322 1625 primam
337 1545 435 1605 aciem
450 1543 586 1621 adferre3
616 1545 690 1606 satis
705 1543 812 1621 fidens,
828 1543 853 1605 si
869 1544 1080 1629 cunctantibus
1096 1544 1233 1621 instaret,

188 1629 354 1690 tumultum
382 1629 513 1709 aliquem
534 1630 565 1691 in
580 1630 653 1691 urbe
668 1630 790 1712 plebem
813 1642 976 1691 moturum.
1013 1626 1095 1692 Dum
1121 1630 1152 1691 iu
1178 1650 1234 1691 sua

189 1713 316 1795 quisque
331 1714 499 1775 ministeria
514 1714 649 1777 discursu
675 1715 809 1797 trepidat
822 1715 861 1776 ad
878 1716 976 1797 prima
1002 1716 1102 1797 sigua,
1127 1736 1231 1779 succe·
1247 1728 1367 1781 Hudh-

191 1798 296 1881 ditque
327 1800 366 1861 ad
393 1821 495 1862 muros
518 1801 609 1878 acies,
637 1800 793 1882 patefacta
807 1812 932 1883 repente
947 1812 1047 1883 porta,
1069 1800 1232 1863 Marcellus
1244 1794 1382 1871 bordne-

189 1884 278 1967 signa
298 1906 417 1963 canere,
433 1887 657 1967 clamoremque
675 1877 755 1969 tolli,
779 1906 815 1947 ac
831 1886 950 1969 pedites
965 1887 1108 1969 primum,
1123 1885 1232 1949 deinde
1245 1860 1315 1909 ‘hm

188 1972 318 2053 equites,
340 1984 456 2055 quanto
477 1972 613 2034 maximo
635 1984 760 2055 possent
783 1972 901 2054 inpetu,
929 1971 962 2033 iu
991 1973 1112 2035 hostem
1128 1992 1229 2034 erum-

187 2078 260 2140 pere
269 2056 370 2140 jubet.
408 2057 491 2121 Satis
514 2059 638 2121 terroris
652 2059 857 2141 tumultusque
880 2058 911 2119 in
927 2058 1024 2119 aciem
1040 2058 1172 2120 mediam
1185 2059 1234 2121 iu-

126 2162 140 2206 ·,
188 2144 333 2223 tulerant,
348 2165 441 2227 quum
457 2144 574 2205 duabus
589 2144 671 2207 circa
684 2145 781 2227 portis
796 2140 831 2205 P.
845 2140 984 2207 Valerius
1007 2142 1134 2207 Flaccus
1149 2156 1182 2207 et
1197 2143 1233 2207 C.

189 2229 329 2293 Aurelius
361 2230 456 2312 legati
483 2229 515 2291 in
543 2252 657 2292 cornua
682 2230 817 2293 hostium
839 2251 974 2313 erupere.
1002 2230 1156 2294 Addidere
1170 2231 1233 2292 cla-

186 2336 307 2378 morem
332 2317 399 2379 lixae
414 2316 605 2399 calonesque,
620 2329 653 2380 et
679 2316 740 2379 alia
762 2316 852 2379 turba
874 2316 1020 2379 custodiae
1041 2316 1233 2399 iupedimen-

189 2412 291 2463 torum
320 2403 470 2485 adposita,
498 2415 532 2464 ut
547 2403 733 2487 paucitatem
748 2402 882 2466 maxime
908 2403 1117 2485 spernentibus
1131 2401 1231 2465 Poenis
1247 2405 1312 2459 ileos
1322 2422 1373 2459 aa

186 2487 322 2569 ingentis
348 2502 473 2573 repente
499 2490 650 2556 exercitus
676 2490 810 2572 speciem
836 2488 974 2552 feceriut.
1004 2485 1067 2553 Vix
1092 2488 1234 2571 equidem
1245 2476 1314 2539 Μ’·

188 2574 288 2638 ausim
304 2575 473 2655 adfirmare,
499 2575 720 2659 quodquidam
735 2586 873 2639 auctores
888 2586 968 2655 suut,
994 2575 1055 2639 duo
1082 2575 1178 2639 millia
1203 2586 1235 2640 et

190 2661 398 2744 octingentos¹
413 2663 548 2726 hostium
571 2683 684 2741 casos3
707 2664 802 2726 ⁷⁰non
827 2663 895 2746 plus
921 2663 1105 2746 quingentos
1119 2663 1236 2726 Roma-

189 2749 285 2809 num*
304 2749 449 2811 amisisse.
493 2746 562 2812 Sive
577 2760 675 2829 mnes,
698 2749 760 2811 siue
776 2749 875 2810 minor
896 2749 1024 2812 victoria
1038 2749 1106 2826 fuit,
1128 2749 1235 2832 ingens

190 2855 229 2895 eo
254 2834 305 2897 die
328 2857 386 2915 res,
401 2857 437 2897 ac
460 2836 573 2914 nescio,
590 2857 629 2896 an
652 2834 788 2898 maxima
813 2834 866 2896 illo
880 2836 960 2898 bello
975 2848 1062 2916 gesta
1075 2836 1126 2898 sit.
1140 2840 1237 2900 lirum

186 2920 267 2984 vinci
290 2922 373 2984 enim
403 2923 442 2984 ab
457 2919 643 2984 Hannibale¹
667 2921 859 2986 vincentibus
876 2921 1031 2984 difficilius
1048 2923 1116 2999 tuis,
1145 2942 1236 3004 quam

189 3019 299 3087 postca
312 3008 443 3070 vincere.

233 3089 335 3154 xvii.
358 3088 525 3172 Hannibal,
560 3115 615 3176 spe
650 3092 805 3175 potiunda
849 3091 936 3154 Nola
976 3093 1109 3171 ademta,
1143 3113 1236 3174 quum

188 3174 320 3238 Acerras
346 3179 529 3256 recessisset,
550 3177 715 3240 Marcellus
738 3178 905 3260 extemplo,
931 3178 1041 3240 clausis
1056 3179 1153 3259 portis
1168 3197 1237 3240 cus·

193 3261 375 3346 todibusque
402 3263 564 3348 dispositis,
601 3285 641 3325 ne
664 3264 729 3343 quis
751 3261 956 3345 egrederetur,
986 3263 1180 3344 quaestionem
1206 3265 1238 3325 in

198 3393 207 3432 Ι
220 3403 324 3445 trecentus
335 3395 409 3445 (irco.
422 3395 490 3447 Cres.
553 3393 565 3428 ¹¹
578 3395 631 3458 plus
640 3409 685 3444 ano
696 3393 804 3443 &mnas
814 3393 887 3444 Gron.
950 3391 956 3426 ¹
968 3393 1019 3444 add.
1030 3403 1084 3443 tuse
1092 3393 1166 3444 Doer.
1176 3393 1238 3460 Rup.

220 3508 270 3547 ’Μ
284 3510 451 3576 Vallumsem]
469 3511 539 3570 Ferre
557 3510 635 3573 plures
649 3509 697 3557 ml·
728 3510 760 3558 liu
781 3518 803 3558 et
826 3507 917 3558 0000.
953 3508 1000 3558 Sed
1022 3519 1056 3569 et,
1074 3525 1145 3574 quum
1161 3509 1238 3574 scripti

188 3575 330 3638 los,qu1bus
347 3577 366 3623 si
387 3589 443 3641 opus
460 3588 519 3624 esset
536 3575 621 3623 callum
639 3576 696 3622 runi
727 3574 827 3623 habeant
847 3591 900 3622 mox
918 3572 1073 3635 Romamn,
1094 3587 1158 3624 recte
1174 3576 1238 3623 vides

187 3643 272 3706 persei.
306 3641 396 3689 Milites
418 3639 514 3688 Ilormni
536 3648 602 3688 senos
622 3651 698 3704 septe·
728 3651 768 3688 rur
798 3637 926 3688 Gronovius
954 3639 1076 3688 emendare
1104 3639 1239 3688 &nanum

188 3707 503 3768 noequs‚r,allos,imerdum
525 3707 596 3754 etiarn
613 3706 699 3752 duode-
728 3703 805 3769 Vulgo
821 3705 876 3754 editi
892 3707 937 3753 duo
952 3705 1023 3752 millio
1037 3715 1058 3753 et
1073 3714 1177 3754 trecentas
1190 3703 1238 3751 las·

179 3769 328 3884 ‘gqis'r'uli'sse
346 3772 462 3834 leguntur.
484 3769 548 3821 Vld.
570 3785 636 3836 supra
659 3780 699 3820 tlt.
729 3773 788 3820 tium
798 3785 870 3820 ocor:
885 3769 989 3832 areptus
1004 3785 1049 3817 una
1064 3768 1238 3817 llomunorumi-

179 3903 187 3925 ··
221 3899 244 3936 π
272 3899 413 3966 aramque
432 3901 542 3965 panau
561 3900 699 3964 aspum·
749 3888 785 3936 '⁷⁹
801 3896 852 3946 nm
871 3899 929 3947 nra
948 3898 1007 3946 aum
1024 3899 1052 3946 n
1067 3897 1175 3948 sanna
1189 3898 1239 3960 an-

179 3963 231 4011 ’τίν’
237 3963 302 4030 duta}
318 3965 378 4016 llas:
396 3979 450 4014 sunt
466 3965 634 4029 impedimentis
644 3963 698 4010 sub·
729 3963 838 4026 antibus]
853 3961 913 4012 Haec
931 3964 951 4011 si
972 3977 1026 4010 suna
1044 3975 1108 4022 mor,
1122 3964 1155 4012 ric
1171 3969 1239 4023 erpo·

190 4029 320 4093 sigllaque
343 4033 370 4080 iis
391 4031 457 4080 aaut
475 4032 595 4079 destinata.
629 4027 699 4076 cete·
729 4029 753 4076 ni
771 4028 866 4077 debent.
898 4025 1023 4076 Difficilius
1045 4029 1108 4076 enim
1126 4027 1171 4074 luit
1189 4028 1240 4074 vio·

180 4096 319 4145 maritate
335 4095 609 4161 pateremurslrerurnm
618 4093 700 4141 harum
730 4093 847 4154 cautibus,
868 4092 890 4140 id
913 4101 958 4150 est,
979 4092 1007 4140 iis
1029 4095 1068 4156 qui
1085 4101 1142 4142 tunc
1163 4091 1239 4140 vicere

191 4175 283 4220 vocum,
297 4161 343 4211 rire
361 4165 424 4228 data,
439 4161 486 4210 sire
502 4162 618 4217 destinato,
627 4157 700 4207 ellml·
721 4157 844 4206 Marcello
859 4159 929 4214 duce,
942 4169 989 4204 non
1003 4155 1062 4205 rioci
1076 4158 1105 4204 ab
1116 4155 1239 4218 Annibale,

190 4227 248 4272 uari.
732 4239 801 4287 quarn
818 4233 897 4287 postea
913 4223 1012 4270 viscere.
1045 4223 1108 4270 OEim
1123 4222 1240 4284 legebatur

182 4298 187 4306 ·
224 4289 247 4325 7⁸
264 4288 314 4339 Non
327 4293 379 4354 plus
394 4289 437 4352 0.]
462 4289 634 4339 SicalerePut.
667 4287 699 4336 Bt
725 4290 816 4337 cinare
841 4287 916 4346 solitis,
944 4285 981 4334 ubi
1010 4303 1071 4337 nunc
1096 4287 1240 4336 numlibet.

184 4349 316 4404 'mutuor
338 4357 400 4406 Plus.
420 4357 445 4404 iu
466 4355 585 4404 Marcello.
621 4353 701 4414 Auget
731 4353 790 4402 luds
806 4351 872 4400 Valle
888 4352 1005 4401 efficiebat
1022 4353 1058 4400 vel
1076 4354 1159 4401 viarm
1172 4350 1241 4408 solite,

196 4433 286 4482 quoque
305 4421 364 4470 idern
383 4422 454 4470 codex
468 4435 590 4470 uumenuu
611 4419 699 4468 occiso-
722 4433 816 4482 ·uempe
830 4417 946 4469 Annibale
956 4432 964 4482 5
978 4417 1025 4479 vel,
1038 4419 1096 4468 vinci
1111 4418 1178 4468 solitis
1193 4411 1241 4462 llo-

192 4495 247 4534 tum
262 4499 291 4536 es
307 4485 426 4536 mmmm
440 4485 583 4537 amium
595 4485 640 4535 duc
648 4485 701 4533 nit·
729 4486 809 4537 nareis.
943 4491 947 4500 '

740 4566 747 4604 l
