3092 5200
467 367 544 429 LlB.
564 368 650 428 XXI.
680 366 762 428 CAP.
782 363 897 424 XXXI.
1152 368 1192 426 δῖ

145 517 156 552 ‘
173 531 201 570 ²⁵
214 509 411 594 exercitibusr
429 528 541 592 inuios?
565 551 616 592 eos
633 531 725 614 ipsos,
745 551 821 612 quos
841 541 979 608 cernant,
994 529 1113 611 legatos
1127 547 1189 590 non
1202 541 1235 592 u.
1245 543 1341 596 nest

145 605 277 700 ‘pennis
292 616 420 680 sublime
435 617 532 680 elatos
555 617 648 700 Alpes
668 627 889 697 transgressos:
913 637 952 678 ue
971 613 1101 697 majores
1122 615 1189 694 qui-
1202 611 1234 663 A.
1245 610 1341 660 ‘2²¹⁰-

144 692 242 766 ‘dem
265 723 371 766 eorum
396 703 574 783 indigenas5
604 703 658 764 sed
688 701 819 762 advenas
843 699 938 764 lulioe
963 703 1106 779 cultores,
1132 701 1188 762 has

143 781 154 814 ‘
168 787 249 870 ipsas
260 787 355 871 Alpes
370 789 543 871 ingentibus
554 811 633 873 saepe
645 788 816 870 agminibus
830 807 901 848 cum
915 788 1014 850 liberis
1028 808 1065 850 ac
1080 784 1187 868 conju·

142 868 266 955 ‘gibus,
283 875 479 956 migrantium
501 876 607 954 modo,
626 887 695 938 tuto
715 873 927 936 transmisisse.
953 871 1048 935 Militi
1065 871 1187 955 quidem

141 959 152 992 ‘
167 973 298 1040 armato,
318 961 394 1030 nihil
409 983 511 1024 secum
528 973 637 1046 praeter
649 959 854 1024 instrumenta
866 959 938 1021 belli
952 961 1099 1041 portanti,
1114 959 1188 1040 quid

143 1048 154 1080 ‘
168 1047 282 1110 invium
293 1060 346 1112 aut
354 1048 595 1132 inexsuperabile
606 1048 688 1111 esse?
706 1045 877 1129 Saguntum
886 1062 922 1108 ut
932 1058 1102 1129 caperetur,
1113 1048 1186 1130 quid

142 1133 153 1165 ‘
167 1155 221 1215 per
233 1146 305 1198 octo
315 1156 433 1198 menses
442 1136 580 1219 periculi,
590 1136 663 1218 quid
672 1133 784 1197 laboris
794 1134 976 1196 exhausmm
987 1133 1070 1194 esse?
1086 1134 1185 1196 ὀ110-

143 1221 261 1301 ‘mam,
277 1222 358 1284 orbis
369 1234 519 1286 terrarum
530 1229 634 1306 caput,
644 1220 820 1305 petentibus
829 1220 998 1302 quidquam
1009 1219 1087 1280 adeo
1098 1240 1188 1302 aspe-
1245 1235 1248 1241 ’

141 1307 153 1340 ‘
168 1327 236 1370 rum
250 1321 342 1391 utque
357 1309 486 1372 arduum
500 1309 607 1388 videri,
621 1309 702 1390 quod
716 1309 872 1390 inceptum
883 1306 1039 1369 moretur?
1064 1304 1188 1388 Cepisse

141 1395 153 1427 ‘
168 1395 322 1474 quondam
334 1393 438 1460 Gallos
450 1418 498 1475 ea,
510 1417 576 1478 quae
588 1395 665 1458 adiri
676 1415 766 1479 posse
775 1392 885 1457 Plenus
896 1394 1048 1476 desperet.
1058 1393 1186 1477 proinde

141 1479 153 1511 ‘
167 1491 221 1542 aut
234 1482 380 1546 sederent
394 1483 497 1546 animo
512 1491 605 1565 atque
620 1482 730 1545 virtute
745 1482 848 1564 genti,
865 1501 921 1565 per
940 1494 993 1543 eos
1013 1480 1087 1541 dies:
1097 1480 1187 1542 toties

142 1567 207 1628 ‘ab
230 1588 263 1630 se
287 1569 396 1632 victae:
421 1581 474 1633 aut
492 1569 608 1632 itineris
635 1569 727 1630 linem
752 1579 875 1649 sperent
898 1587 1041 1651 campum
1060 1564 1186 1647 interja-

143 1653 153 1684 ‘
170 1665 292 1716 centem
306 1653 413 1716 Tiberi
430 1677 466 1718 ac
481 1656 631 1718 moenibus
646 1652 815 1716 Romanis.’
842 1732 850 1738 Ι

190 1737 310 1801 XXXI.
344 1737 414 1802 His
434 1740 697 1804 adhortationibus
736 1742 882 1804 incitatos
907 1761 1036 1822 corpora
1071 1761 1189 1818 curare,

142 1835 237 1911 utque
253 1825 294 1886 ad
308 1826 367 1888 iter
382 1847 414 1888 se
429 1846 536 1909 parare
547 1824 645 1910 jubet.
688 1823 816 1887 Postero
831 1826 892 1904 die,
907 1827 1067 1908 profectus
1080 1827 1186 1888 adver-

142 1932 178 1972 sa
199 1911 266 1992 ripn
288 1911 444 1988 Rhodani,
467 1911 689 1976 mediterranea
713 1909 820 1973 Galliae
839 1912 937 1995 petit:
959 1933 1021 1974 non
1037 1912 1110 1994 quis
1124 1923 1339 1976 reo-Mediterra-

143 1997 204 2058 tior
227 1996 268 2058 ad
293 1996 386 2078 Alpes
407 1998 457 2060 via
482 2011 572 2074 esset,
596 1998 661 2076 sed,
687 2008 836 2080 quantum
859 2019 880 2058 a
903 1999 980 2060 mari
1006 1999 1247 2077 recessissem
1256 1991 1339 2040 ⁰¹¹¹&

142 2085 168 2127 ²⁷
179 2083 277 2146 minus
292 2084 439 2146 obvium⁸
465 2083 531 2144 fore
546 2082 719 2146 Romanum
734 2083 882 2146 credens:
907 2105 976 2146 cum
999 2107 1070 2168 quo,
1090 2087 1189 2170 prius·
1200 2065 1268 2121 ΡΜ·

144 2189 234 2250 quam
257 2169 288 2232 in
311 2169 433 2232 Italiam
458 2177 580 2232 ventum
607 2170 695 2247 soret,
719 2190 783 2232 non
812 2181 879 2232 erat
901 2171 1062 2232 inanimo
1081 2193 1188 2236 manus

142 2275 308 2320 conserere.
353 2255 597 2326 Quartiscastris
620 2257 661 2318 ad
685 2254 821 2318 Insulam
836 2257 993 2338 pervenit:
1017 2259 1044 2298 ²⁸
1054 2258 1095 2319 ibi
1110 2258 1201 2332 Arar¹

141 2339 370 2424 Rhodanusque
394 2357 511 2420 amnes,
540 2346 566 2383 ²⁹
580 2342 728 2404 diversis¹¹
758 2364 797 2404 ex
825 2343 954 2426 Alpibus
985 2344 1187 2423 decurrentes,

143 2429 208 2508 agri
238 2429 442 2510 aliquantum¹
472 2430 615 2511 amplexi,
652 2430 811 2492 conflurmt
841 2430 872 2491 in
902 2450 1006 2492 unum.
1050 2429 1188 2496 Mediislt
1231 2439 1236 2450 '

141 2515 258 2596 campis
270 2513 382 2578 insulse
398 2517 511 2580 nbmen
532 2517 673 2578 inditum.
718 2514 868 2598 Incolunt
881 2538 976 2601 prope
995 2516 1188 2601 Allobroges,

141 2621 217 2682 gens
238 2601 337 2684 ³⁰jam
358 2604 429 2667 inde
452 2604 535 2667 nulla
556 2601 676 2665 Gallica
689 2614 782 2686 gente
802 2604 910 2686 opibus
931 2616 985 2667 ant
1004 2605 1088 2668 sarna
1109 2606 1188 2668 inse-
1235 2619 1248 2633 '

144 2687 311 2751 riorstum
332 2690 448 2753 discors
472 2702 547 2755 erat.
591 2688 691 2771 Regni
718 2690 886 2752 certamine
909 2691 1107 2773 ambigebant
1125 2693 1188 2755 fra·

142 2785 214 2836 tres.
229 2774 338 2859 major,
358 2780 383 2815 ³¹
395 2788 427 2839 et
442 2778 493 2860 qui
508 2778 591 2861 prins
606 2776 806 2859 imperitarat,
822 2774 959 2840 Braneus
973 2779 1109 2857 nornine,
1128 2781 1187 2842 mi·

140 2880 214 2923 nore
239 2863 288 2924 ab.
302 2862 396 2926 fratre
417 2875 450 2926 et
471 2874 551 2926 coetu
567 2862 735 2943 juniorum,
761 2863 812 2943 qui
834 2862 907 2945 jure
930 2864 1041 2944 minus,
1068 2865 1097 2926 vi
1120 2866 1187 2949 plns

139 2959 282 3029 poterant
290 2948 309 3027 ¹,
334 2949 513 3032 pellebatur.
563 2947 663 3032 Hujus
688 2949 848 3012 seditionis
874 2964 1101 3035 peropportuna
1125 2952 1186 3014 dis-

172 3086 183 3120 1
196 3102 246 3144 esre,
254 3102 295 3136 nec
304 3102 372 3137 ererc.
382 3089 457 3140 Doer.
586 3097 599 3132 t
614 3092 696 3137 obsim
707 3090 781 3138 Gron.
793 3092 862 3139 Ores.
991 3084 1005 3119 ¹¹
1020 3059 1101 3140 diuersi
1112 3090 1186 3139 Gron-

105 3170 110 3176 ·
136 3152 328 3269 &Qirmisin
338 3152 396 3201 Eud.
418 3248 419 3251 Ἴ
505 3151 519 3187 ¹
534 3152 589 3201 lude
599 3164 653 3201 ente
665 3154 746 3203 Mediis
754 3156 825 3205 iuer.
835 3154 897 3217 Rnp.
926 3170 930 3233 ζ
996 3153 1003 3187 ¹
1015 3164 1101 3216 putenm
1112 3155 1185 3202 Gran.

169 3332 193 3367 ²⁵
211 3330 347 3381 Emeitlbm
382 3328 464 3396 innius]
495 3328 552 3378 ¹Vox
578 3332 648 3379 inuisa
679 3330 767 3387 scribit,
785 3330 810 3378 in
828 3331 883 3395 ipsa,
903 3330 1006 3394 inquam,
1035 3329 1117 3387 meula,
1138 3346 1186 3380 non

137 3397 202 3445 abeat
215 3397 431 3461 ascriptisetrstr.
449 3396 530 3445 editis:
554 3406 577 3443 at
595 3410 659 3443 mer
673 3410 749 3457 pape,
765 3397 956 3457 quemadmodum
975 3397 1062 3453 Livius,
1072 3396 1128 3443 dicit
1148 3397 1185 3444 in-

137 3463 344 3521 ritoadjertaest.
676 3460 753 3507 colere
769 3459 913 3521 Allobroges.
946 3461 1080 3520 Allobroges
1106 3472 1184 3509 autem

168 3523 192 3560 ὅ
208 3524 310 3585 Romam,
329 3525 393 3573 Orbis
423 3534 535 3572 terranem
566 3522 645 3587 eaput]
675 3538 722 3571 non
742 3525 803 3571 iuter
824 3524 963 3573 Rhodanum
982 3536 1007 3572 et
1028 3524 1183 3583 Arerim,sed

138 3590 190 3641 lam
209 3591 377 3641 obsemrimue
397 3589 497 3646 Liuium,
528 3588 601 3637 umori
619 3588 643 3635 in
675 3589 736 3637 inter
761 3588 901 3654 Rhodanum
923 3602 949 3637 er
981 3589 1065 3637 loram
1092 3589 1183 3638 incole.

137 3658 233 3721 puniam
256 3657 422 3718 indulgentem,
447 3648 529 3703 euin·
559 3653 589 3700 ds
616 3669 643 3701 ee
675 3654 738 3702 berit.
757 3652 1192 3717 &perimmnmnntsnssr

137 3722 200 3785 loqui
211 3723 317 3782 guadere.
350 3722 390 3770 Sic
408 3724 454 3769 hoo
471 3718 531 3775 loco,
545 3733 642 3780 quomo·
675 3720 763 3767 naras
780 3734 806 3766 er
825 3720 927 3780 Alpdur,
946 3734 961 3767 e
981 3719 1076 3769 drmit
1084 3719 1180 3782 Alpium

137 3788 167 3834 do
196 3786 239 3834 diri
267 3797 351 3849 potest,
373 3786 442 3849 idque
471 3782 500 3832 ab
519 3782 645 3842 Annibale,
674 3783 794 3894 pperibusr
811 3785 938 3846 itidemque
959 3785 1012 3848 agri
1032 3785 1191 3845 othmarum«

137 3850 210 3899 noma
233 3851 302 3899 Orbis
329 3863 443 3900 tatarum
469 3858 547 3911 eaput,
576 3851 644 3910 culm
698 3848 750 3909 algo
760 3850 848 3911 diuersi.
861 3848 1034 3911 aliquorrtulum.
1056 3846 1180 3895 Haemo-

137 3930 193 3965 runc
210 3916 331 3979 imperium
354 3916 436 3967 finibus
456 3914 528 3962 ltalia
557 3912 643 3962 vicina·
674 3914 786 3962 nuitlsc.
799 3914 939 3963 Gronovius.
1140 3934 1143 3939 ·

135 3979 628 4111 llllimbl'lmlltlbmh...
672 3976 909 4093 nilffl‘tif
926 3976 1030 4040 aum]
1047 3976 1069 4024 Ε
1086 3977 1180 4025 ‘¹⁵'‘¹¹³¹

136 4063 474 4176 mrohvirlnllllqugldmheperiri
494 4110 519 4158 in
540 4124 588 4157 uno
601 4124 640 4157 oo·
705 4056 827 4157 pm&
838 4105 900 4169 inde]
923 4104 979 4155 Hor
1006 4104 1069 4151 addit
1091 4104 1177 4166 Livias,

136 4178 185 4227 dise
197 4186 297 4227 testetur
309 4177 446 4227 Gronovius.
672 4176 725 4237 quia
734 4176 813 4238 postea
833 4176 934 4221 maxime
952 4184 1009 4231 gene
1026 4168 1175 4230 Allobrogum

168 4243 191 4276 ’Β
208 4240 244 4289 nr
271 4242 332 4290 Arar
365 4241 525 4303 lihodamrsgue
554 4237 636 4300 mim]
672 4239 753 4305 opibus
774 4250 798 4287 st
815 4239 874 4286 lame
893 4235 1015 4285 inclaruit:
1034 4250 1078 4297 qua
1095 4246 1118 4283 er
1133 4235 1175 4284 de·

136 4306 267 4367 Lugendum
285 4320 329 4363 est,
353 4306 389 4355 lbi
411 4304 483 4357 Iuro.
516 4304 570 4354 Hoc
586 4320 639 4369 pro-
672 4306 729 4353 vieta
740 4304 827 4365 insigne
846 4302 889 4350 sibi
899 4301 1031 4364 Allobrogici
1049 4314 1184 4362 cognomen-

135 4372 188 4421 bont
206 4388 280 4435 quum
301 4372 344 4420 alla
362 4372 446 4431 multa,
469 4381 520 4419 tum
537 4371 582 4419 hoc
602 4368 640 4419 rel
672 4370 704 4419 0..
716 4370 798 4419 Fabius
807 4367 903 4433 peperit.

136 4437 249 4494 mansne,
266 4438 327 4501 quod
354 4436 472 4503 Polybius,
500 4450 569 4499 quem
598 4436 653 4484 hie·
688 4436 724 4481 .³¹
742 4432 906 4500 Etpripriue]
924 4430 1051 4497 1430,μί
1066 4441 1089 4483 et
1104 4436 1174 4497 priua

132 4503 201 4555 reon
221 4512 308 4565 saner,
327 4504 354 4558 in
371 4500 446 4567 iasub
459 4498 500 4551 na
519 4516 587 4567 qum
596 4500 638 4554 de·
1173 4525 1177 4534 =
