3092 5200
479 389 557 452 ma.
570 385 697 452 xxvn.
718 387 866 477 caran
1136 393 1196 456 ιιι

151 541 241 626 pibus
250 543 397 608 ‘iratribus
411 543 534 624 Blosiis,
548 545 788 628 conjuraverant.
804 547 921 609 indicio·
930 545 996 628 ejus
1016 546 1123 609 rei'ex
1145 545 1192 607 fa·
1205 556 1349 608 u.c.sta.

152 629 237 694 milia
250 629 420 694 Blosiorum
439 631 529 710 lacto,
551 634 647 715 portis
663 644 786 716 repente
803 631 890 715 jussu
904 633 1093 715 proconsulis
1107 632 1191 722 clau·
1203 623 1237 672 Α·
1246 620 1275 672 0·
1286 622 1343 672 ²¹⁰·

151 715 207 792 sis,
216 735 308 796 quum
324 717 363 778 a'd
377 737 463 780 mma
476 719 564 800 signo
579 718 652 780 dato
666 720 779 781 milites
793 719 1035 795 concurrissent3
1051 737 1191 799 compre·

151 799 369 879 semiannos,
389 804 486 884 quiin
502 817 695 882 horruerant,
711 815 752 882 et,
768 805 933 885 quaestione
949 804 1059 865 acriter
1074 803 1190 882 habita,

151 883 288 950 damnati
304 890 483 970 necarique:
507 889 655 952 indicibus
674 891 809 967 libertas,
831 906 864 952 et
886 892 980 951 ⁰aeris
1001 889 1081 952 dena
1094 888 1192 951 millia

150 971 234 1035 data.
288 973 455 1036 Nucerinos
481 985 513 1037 et
537 975 707 1037 Acerranos
733 987 903 1057 querentes,
928 976 979 1038 ubi
1005 975 1190 1052 habitarent,

148 1067 300 1138 canossa,
322 1059 441 1122 Acerris
456 1073 594 1144 exparte
616 1061 756 1139 incensis,
779 1059 912 1123 Nuceria
926 1061 1037 1139 deleta,
1060 1059 1190 1124 Romam

147 1142 267 1207 Fulvius
282 1147 321 1207 ad
346 1158 485 1210 senatum
507 1148 601 1210 misit.
645 1147 807 1219 Acerranis
829 1146 1018 1230 permissum,
1039 1159 1074 1209 ut
1096 1147 1189 1212 odili·

148 1243 264 1310 careot,
287 1253 353 1316 quaa
377 1233 501 1296 incensa
525 1247 631 1297 erant:
666 1233 811 1296 Nucerini
825 1232 970 1311 Atellam,
991 1233 1062 1314 qaia
1075 1233 1108 1294 id
1121 1253 1190 1294 ma-

148 1315 277 1396 luerant,
303 1318 463 1400 (Atellanis
478 1317 628 1383 Calatiam
643 1320 773 1403 migrare
791 1318 895 1400 jussis)
919 1318 1062 1381 traducti.
1107 1317 1191 1382 later

148 1402 260 1467 multas
283 1403 470 1488 magnasque
495 1427 552 1484 res,
573 1427 649 1490 qua,
672 1427 752 1468 nunc
775 1406 925 1484 secunda,
946 1425 1027 1466 nuac
1049 1403 1190 1484 adrem

147 1491 340 1574 occupabant
365 1491 567 1574 cogitationes
592 1493 762 1570 hominum,
798 1513 838 1555 ae
864 1489 1038 1554 Tarentinae
1066 1490 1189 1575 quidem

148 1576 227 1638 arcis
252 1578 367 1640 excidit
392 1579 548 1640 memoria.
592 1577 639 1641 M.
662 1579 870 1660 Ogulniusea
893 1575 928 1638 P.
950 1576 1127 1657 Aquillius'
1156 1577 1189 1639 in

147 1659 302 1724 Etruriam
325 1663 418 1746 legati
442 1665 482 1726 ad
496 1664 677 1727 frumentum
694 1664 904 1740 menendum,
925 1662 1008 1744 qaod
1020 1657 1189 1724 Tarentum

147 1759 331 1829 portaretur,
353 1749 505 1833 proiectis
528 1762 561 1814 et
583 1753 609 1790 ¹⁰
621 1751 704 1814 mille
728 1750 841 1814 milites
857 1749 896 1811 de
911 1749 1047 1810 exercitu
1060 1748 1189 1825 urbano,

146 1851 207 1914 par
216 1853 357 1898 numerus
372 1835 580 1900 Romanorum
602 1838 824 1920 sociommqne,
846 1835 956 1899 eodem
970 1835 1002 1898 in
1016 1834 1187 1920 presidium

146 1920 385 1985 eum'lrumento
399 1923 579 1986 missisunt.
707 1932 710 1938 '
833 1929 837 1935 '
1116 1987 1120 1999 ,

188 2002 242 2068 Ν.
261 2005 333 2070 Jam
353 2011 487 2072 astasio
503 2011 587 2072 exitu
609 2015 685 2090 erat,
707 2010 961 2092 comitiorumque
982 2007 1186 2072 consularium

36 2158 38 2162 ,
144 2091 279 2156 instabat
292 2103 421 2178 tempus.
433 2097 488 2158 sed
500 2096 593 2159 literae
603 2093 756 2176 Marcelli,
767 2097 906 2180 negantis
917 2117 936 2158 e
946 2094 1102 2178 republica
1111 2114 1188 2173 esse,
1199 2111 1326 2165 Moatra·

146 2179 169 2216 ¹¹
185 2179 344 2261 vestigium
360 2181 481 2244 abscedi
497 2183 537 2244 ab
552 2181 737 2262 Hannibale,
759 2184 809 2245 cui
832 2183 953 2246 cedenti
973 2192 1188 2262 certammque
1199 2179 1271 2259 ⁵2²⁸}
1281 2179 1348 2231 ΗΝ·

145 2263 289 2328 abnuenti
316 2267 477 2348 ¹²gravis⁸
502 2269 566 2351 ipse
590 2269 726 2347 instaret,
752 2290 856 2331 curam
880 2262 1059 2349 injecerant,
1081 2277 1190 2329 aeaut

145 2351 311 2431 consulem,
333 2362 397 2415 tum
417 2354 550 2416 maxime
573 2375 620 2416 res
636 2368 790 2438 agentem,
806 2375 826 2416 a
843 2353 924 2417 bello
939 2364 1113 2429 avocarent,
1136 2362 1189 2414 aut

145 2435 176 2497 ia
203 2457 315 2500 annum
343 2441 481 2504 consules
504 2442 656 2504 deessent.
698 2441 858 2526 Optimum
882 2440 979 2501 rhum
1001 2450 1058 2517 est,
1080 2457 1189 2519 quam·

142 2541 233 2605 quam
249 2535 337 2586 extra
350 2519 471 2588 Italiam
486 2539 576 2608 esset,
598 2524 754 2590 Valerium
769 2529 872 2612 potius
894 2525 1051 2587 consulem
1073 2544 1113 2585 ex
1136 2521 1188 2584 Si·

143 2608 215 2671 cilia
228 2612 371 2675 revocari.
413 2612 464 2676 Ad
488 2634 557 2677 cunr
581 2614 674 2676 literae
696 2612 782 2695 jussu
807 2624 929 2677 senatus
953 2613 993 2673 ab
1014 2610 1049 2673 la
1067 2607 1188 2672 Manlio
1259 2628 1266 2637 ’

141 2708 268 2777 pretore
282 2698 363 2760 urbis
385 2701 493 2779 missa,
518 2720 587 2763 cum
615 2700 708 2763 literis
732 2700 865 2763 consulis
890 2697 938 2762 M.
960 2696 1127 2760 Marcellis
1152 2706 1188 2759 ut

144 2788 183 2843 ex
198 2781 233 2843 iis
249 2794 397 2863 nosceret,
420 2806 485 2867 quae
508 2806 615 2848 massa
635 2784 773 2850 Patribus
795 2808 865 2849 enm
879 2785 990 2869 potius
1012 2802 1104 2863 quarn
1119 2782 1186 2845 eol·

141 2866 252 2947 legam,
267 2870 427 2933 revocandi
442 2892 482 2933 ex
496 2872 651 2954 provincia
665 2883 754 2935 esset.
799 2870 848 2933 Eo
862 2870 924 2933 iere
938 2881 1074 2952 ternpore
1090 2869 1184 2951 legati
1196 2885 1266 2949 rogari
1276 2889 1306 2938 ae

141 2953 180 3013 ab
201 2974 273 3033 rege
293 2951 433 3037 Syphace
454 2955 585 3019 Romam
604 2968 761 3034 venerunt,
785 2978 851 3037 quae
874 2957 1064 3039 inprospera
1075 2954 1184 3036 proelia
1196 2952 1268 3002 ΒΜ·

140 3058 210 3099 cum
235 3037 540 3121 Karthaginiensibus
556 3040 688 3117 fecisset,
709 3053 926 3103 memorantes.
969 3040 1112 3119 ‘Regem
1126 3058 1184 3100 aec
1226 3066 1229 3076 ·
1287 3067 1294 3083 =

139 3125 149 3157 ‘
165 3123 365 3187 inimiciorem
380 3125 434 3187 ulli
448 3127 573 3209 populo,
595 3146 686 3208 quam
702 3124 961 3207 Karthaginiensi,
983 3145 1040 3187 nec
1055 3124 1183 3204 amicio-

138 3210 149 3243 ‘
164 3229 239 3287 rem,
254 3230 344 3293 quam
358 3210 520 3291 Romano,’
537 3210 738 3276 adfirmabant
760 3212 771 3245 ‘
785 3231 863 3273 csse.
878 3211 995 3272 misisse
1006 3230 1077 3272 eum
1091 3221 1184 3272 antea
1297 3232 1305 3245 ·

137 3295 281 3377 ‘legatos
307 3296 338 3358 in
354 3294 534 3380 Hispaniam
555 3298 595 3361 ad
611 3295 670 3360 Cn.
686 3309 717 3360 et
739 3295 771 3360 P.
793 3296 962 3375 Cornelios,
985 3297 1182 3378 imperatores
1240 3314 1246 3322 ’

137 3380 329 3447 ‘Romanoa
355 3402 437 3467 nunc
462 3382 502 3446 ab
525 3386 592 3468 ipso
617 3384 700 3465 velat
730 3384 816 3447 fonte
845 3393 949 3467 petere
977 3382 1151 3445 Romanam
1165 3380 1181 3423 ‘¹
1194 3424 1282 3477 Bm,
1333 3428 1342 3479 i

136 3467 328 3533 ‘amicitiam
353 3468 503 3535 valdee:
556 3466 686 3533 Senatus
712 3490 773 3533 non
797 3469 907 3552 legatis
930 3468 1026 3531 modo
1050 3441 1332 3562 benignam?

1191 3572 1251 3609 still·

151 3615 438 3681 'ammonem
530 3619 728 3685 ammosa.
825 3613 1190 3668 *mmm

134 3734 368 3797 mqoibusaon
383 3733 494 3797 placeant
512 3734 639 3795 cornum·
704 3734 727 3769 ¹0
742 3732 810 3783 Mille
825 3730 1180 3795 nutu....pomnalto.

134 3807 187 3848 rant
206 3800 327 3850 tandm.
359 3799 398 3847 sie
418 3810 497 3849 ramea
517 3799 640 3861 Horatius,
671 3814 785 3847 musa
804 3796 961 3860 utumque]
987 3797 1058 3846 Mille
1083 3796 1178 3859 milites,

138 3860 259 3923 Gnjarota
268 3872 317 3913 tuor
324 3878 425 3926 mopere
435 3865 538 3924 nuptias.-
548 3876 573 3913 et
581 3866 641 3912 Caro
672 3878 769 3925 quorm
780 3864 899 3927 quingenti
908 3873 974 3911 erant
984 3862 1091 3920 Bomoi,
1107 3863 1187 3925 quia·.

136 3927 194 3991 apud
207 3926 267 3977 Plio.
277 3928 296 3975 1.
306 3940 380 3977 xxix.
390 3944 412 3977 c.
425 3928 447 3976 l.
455 3930 568 3990 jurarant
581 3931 640 3977 inter
670 3928 737 3989 genti
747 3930 810 3977 socii.

135 3990 429 4041 armaturam
444 3994 559 4042 medecina
591 3992 640 4042 Ce·
705 3992 753 4027 ¹¹*
769 3991 986 4057 lutgtaaateadt
1005 3991 1033 4039 ab
1053 3989 1176 4052 Antea]

135 4066 213 4117 terum
226 4054 263 4105 bic
275 4057 354 4117 lagena
363 4056 468 4107 delectur
477 4068 512 4107 ert
523 4058 547 4105 ia
557 4056 638 4121 pleris-
670 4056 764 4107 Noarerr
782 4059 898 4121 oenigma
911 4070 959 4104 aaa
968 4053 1033 4119 jungi
1043 4056 1111 4104 dabat
1121 4069 1177 4102 cum

135 4135 181 4182 qua
191 4121 295 4199 ιιιίμῑι,
312 4133 380 4184 arque
395 4123 419 4171 la
435 4120 489 4199 ipso·
497 4120 549 4171 Put.
560 4122 589 4199 ab
599 4122 637 4170 hir
670 4123 740 4200 parba
750 4122 890 4179 Miser!
900 4121 987 4199 regitur
995 4137 1008 4168 ι
1016 4118 1176 4232 wacca

134 4184 593 4313 {tltflhffltthhlm’
609 4189 637 4237 '⁶
669 4185 1055 4315 lliufflaaiiiaiffl
1072 4198 1185 4297 35:¹3:

130 4314 425 4391 ‘adhr'rdoraariltid
453 4316 584 4377 Hicgrara
605 4313 848 4430 *ffirw
900 4378 1005 4445 Μ
1032 4377 1071 4429 Sit
1092 4375 1174 4442 m

131 4377 637 4510 ffiffigrpppmmpqaupgmssqqmgg
667 4394 939 4517 ΜθΒΝιιΙεοῗοίιω,

131 4506 298 4561 Paridemibut
311 4509 349 4563 ll.
361 4524 414 4563 cnm
424 4510 498 4564 stuciis
507 4514 531 4565 t.
