3092 5200
373 376 391 432 ·,
484 326 705 425 messui.
723 354 806 416 cm
820 355 872 418 u.
1132 362 1194 427 es

137 506 346 589 simeonitis
366 506 446 570 inter
459 506 633 589 inpotentes
652 504 716 589 ejus
734 506 854 593 animos
869 508 980 590 ponit.
1021 505 1059 575 le
1084 520 1193 576 senatu
1204 514 1239 566 U·
1249 518 1279 573 c-
1289 520 1347 577 545.

139 592 289 675 primm,
311 592 423 657 deiude
441 593 475 655 in
496 590 773 671 concinnentem
795 593 928 659 recitate
949 604 1042 655 sunt:
1072 606 1114 675 et,
1135 618 1192 679 pro
1205 580 1350 647 bow..

140 678 293 761 cujumue
307 679 442 763 ingenio,
464 678 531 741 aliis
540 676 608 759 jam
627 689 746 745 certum
759 678 919 761 gaudium,
941 678 1007 743 aliis
1022 680 1106 749 nulla
1121 692 1192 751 enta

142 763 251 835 trema
259 766 338 829 fides
348 778 426 845 erat,
438 784 532 847 quum
548 763 666 848 legatos
680 765 875 828 consulumve
887 764 989 831 literas
1004 765 1170 831 uidissent.

188 850 242 922 ld.
263 851 349 935 lpsos
364 850 474 914 deinde
498 850 741 934 adpropinquare
762 850 882 935 legatos
902 850 1040 918 adlamm
1052 865 1110 915 est.
1125 864 1192 920 tum

140 938 302 1001 enimvero
326 938 426 1000 omnis
448 948 522 999 atas
545 957 663 999 currere
686 936 778 1016 ebrii,
811 938 924 1021 primus
950 938 1075 1021 quisque
1097 938 1192 1003 oculis

142 1024 327 1106 auribusque
343 1023 463 1085 haunre
476 1034 599 1085 tantum
621 1023 766 1104 gaudium
790 1024 957 1105 cupientes.
978 1023 1018 1086 ad
1038 1013 1192 1088 Mulvium

141 1128 240 1193 usque
263 1120 390 1191 pontem
408 1110 570 1173 continens
590 1129 701 1189 agmen
715 1110 863 1193 pervenit.
906 1108 1014 1193 Legati
1038 1108 1138 1189 (eraut
1154 1109 1191 1173 1..

141 1190 290 1258 Veturius
305 1194 404 1273 Philo,
417 1194 452 1257 P.
469 1193 603 1257 licinius
617 1192 727 1272 Varus,
742 1195 782 1266 Q.
798 1193 937 1258 Cmcilius
952 1194 1112 1277 Metellus)
1131 1197 1190 1258 cir·
1204 1206 1319 1257 Gaudium

140 1281 303 1343 cumiusil’
318 1282 417 1344 omnis
431 1281 550 1363 generis
564 1281 723 1342 hominum
738 1280 908 1365 frequentia
922 1282 954 1344 in
970 1282 1069 1344 lorum
1085 1303 1190 1366 perve·
1203 1272 1322 1325 mm·

142 1379 277 1429 nerunt:
301 1388 394 1450 quum
406 1368 458 1429 elii
469 1368 563 1449 ipsos,
576 1367 627 1427 alii
643 1366 771 1429 comites
782 1388 896 1446 eorum,
909 1389 973 1449 quae
989 1382 1060 1431 seta
1077 1382 1191 1449 esseut,
1203 1352 1265 1389 ΝΜ·

142 1464 430 1535 percunctarentur,
452 1464 484 1515 et
508 1464 542 1516 ut
563 1454 688 1535 quisque
703 1453 851 1531 audierat,
873 1453 1040 1516 exercitum
1056 1455 1192 1519 hostiurn

143 1539 421 1622 imperatoremque
440 1539 586 1618 occisum,
609 1539 743 1620 legiones
759 1537 914 1601 Romanas
930 1540 1107 1618 incolumes,
1130 1541 1190 1603 sal-

143 1624 355 1687 voseonsules
370 1646 447 1703 esse,
468 1624 623 1708 extemplo
637 1625 705 1686 aliis
719 1645 810 1707 porro
826 1626 1029 1707 inpertiebant
1046 1627 1191 1709 gaudium

141 1731 247 1773 suum.
305 1710 406 1781 Quum
435 1731 514 1792 aegre
543 1711 575 1773 in
611 1711 728 1772 curiam
756 1722 934 1793 perventum
964 1723 1055 1791 esset,
1092 1714 1190 1777 multo

143 1798 256 1879 aegrius
275 1797 418 1859 submota
440 1797 540 1874 turba,
562 1817 601 1859 ne
620 1795 758 1859 Patribus
776 1797 965 1877 misceretur,
988 1798 1081 1861 literae
1095 1800 1128 1861 in
1142 1820 1191 1861 se-

144 1894 224 1945 natu
238 1883 373 1945 recitata
387 1894 469 1946 sunt.
483 1886 509 1923 ⁸¹
526 1881 598 1944 inde
612 1881 751 1964 producti
767 1882 800 1944 in
815 1884 994 1945 concionem
1009 1885 1112 1966 legati.
1155 1883 1192 1949 la.
1308 1924 1310 1935 ι

145 1966 304 2046 Veturius,
315 1969 411 2031 literis
425 1967 571 2046 recitatis,
586 1968 651 2051 ipse
664 1969 785 2052 planius
800 1969 913 2046 omnia,
928 1990 994 2051 qum
1008 1982 1079 2033 acta
1093 1981 1191 2049 erant,

144 2054 290 2136 exposuit
307 2074 379 2115 cum
397 2055 515 2136 ingenti
534 2054 674 2133 adsensu,
696 2065 852 2137 postremo
867 2056 960 2117 etiam
975 2055 1107 2120 clamore
1123 2057 1191 2119 uni-

62 2148 64 2151 '
145 2162 240 2204 versa
262 2141 430 2219 concionis,
453 2160 546 2220 quum
569 2140 620 2201 rix
638 2141 782 2223 gaudium
798 2141 906 2203 animis
921 2153 1075 2225 caperent.
1117 2140 1190 2204 Dis·

146 2247 271 2293 cursum
285 2227 356 2289 inde
371 2229 410 2288 ab
425 2226 492 2287 aliis
506 2226 589 2288 circa
600 2227 719 2309 templa
731 2225 846 2306 Delion
868 2238 903 2289 ut
921 2238 1024 2309 grates
1045 2239 1170 2309 egerent
1177 2249 1189 2307 3

146 2315 190 2375 ab
204 2314 271 2374 aliis
286 2314 406 2391 domos,
429 2324 464 2374 ut
478 2310 657 2395 conjugibus
672 2312 833 2394 liberisque
848 2323 912 2375 tarn
927 2314 1029 2375 laetum
1044 2314 1191 2377 nuncium

145 2398 352 2482 impertirent.
396 2396 536 2477 Senatus,
558 2398 640 2480 quod
655 2397 702 2459 M.
717 2396 819 2459 Livius
835 2409 868 2461 et
890 2396 927 2459 C.
949 2397 1094 2461 Claudius
1115 2419 1191 2462 con·

146 2485 240 2562 eules,
258 2485 406 2547 ineolumi
420 2484 567 2564 exercitu,
589 2484 699 2547 ducem
725 2485 861 2546 bostium
887 2484 1080 2566 legionesque
1106 2485 1190 2547 ocei-

146 2571 273 2651 dissent,
295 2571 550 2656 supplicationem
574 2571 606 2633 in
629 2571 763 2633 triduum
787 2570 930 2634 decrerit.
950 2591 1018 2634 eam
1038 2572 1191 2654 supplica-

146 2657 264 2722 tionem
285 2657 320 2720 C.
341 2656 489 2720 Hostilius
510 2669 620 2740 praetor
644 2678 701 2741 pro
723 2658 872 2720 concione
896 2657 1002 2737 edixit,
1024 2656 1192 2721 celebrata·

148 2765 208 2826 que
223 2766 242 2806 a
255 2745 326 2806 viris
348 2744 528 2825 feminisque
550 2755 607 2806 est.
650 2743 764 2806 Omnia
789 2743 906 2827 templa
930 2763 986 2826 per
1010 2754 1111 2806 totum
1136 2745 1192 2808 tri-

149 2831 243 2892 duum
257 2831 402 2913 aqualem
424 2831 546 2893 turbam
565 2829 716 2890 habuere:
740 2849 831 2910 quum
848 2840 992 2892 matrona
1006 2831 1193 2912 amplissima

146 2928 231 2978 veste
245 2937 316 2977 cum
331 2916 443 2994 liberis,
454 2915 580 2997 perinde
594 2935 630 2976 ac
646 2915 670 2975 si
686 2914 872 2976 debellatum
887 2915 977 2992 soret,
989 2917 1072 2978 omni
1087 2917 1193 2978 solutae

148 3014 245 3078 metu,
266 2999 341 3062 Deis
364 3001 575 3063 inmortalibus
597 3009 698 3081 grates
713 3012 848 3080 egerent.
892 3003 920 3039 ⁸¹
936 2997 1057 3062 Statum
1072 3021 1192 3084 quoque
1255 3069 1258 3076 ,

146 3087 281 3150 civitatis
296 3107 334 3148 ea
346 3087 474 3150 victoria
492 3086 608 3148 movit:
631 3096 666 3147 ut
675 3083 742 3167 jam
758 3085 842 3161 inde,
857 3085 938 3146 baud
952 3106 1038 3148 secus
1054 3106 1144 3166 quam
1159 3086 1192 3146 in

148 3193 237 3256 pace,
258 3193 306 3234 res
324 3173 405 3235 inter
428 3192 461 3234 se
486 3171 675 3247 contrahere,
696 3169 866 3248 vendendo,
888 3171 1030 3248 emendo,
1051 3181 1191 3233 mutuum

146 3259 264 3337 dando,
279 3269 438 3340 argentum
455 3253 605 3320 creditum
620 3256 776 3335 solvendo,
791 3257 946 3318 auderent.
990 3253 1027 3318 C.
1047 3255 1190 3319 Claudius
1203 3275 1357 3356 apem..

147 3345 257 3407 consid
277 3365 371 3426 quum
394 3345 426 3406 in
453 3354 553 3406 castra
578 3341 717 3420 redisset,
747 3353 841 3425 caput
867 3340 1078 3420 Hasdrubalis,
1108 3343 1190 3424 quod
1203 3341 1301 3392 ΜΛ·

148 3442 302 3494 servatum
316 3451 385 3492 cum
400 3451 475 3496 cura
488 3429 650 3506 adtulerat,
672 3426 780 3511 projici
796 3439 867 3490 ante
883 3428 1016 3490 hostium
1031 3428 1189 3508 statimes,
1202 3409 1338 3524 ππ,

146 3518 345 3600 captivosque
358 3517 452 3579 Afros
466 3517 596 3594 unctos,
617 3525 653 3576 ut
675 3525 774 3593 erant,
795 3515 928 3594 ostendi,
950 3515 1026 3576 duos
1041 3514 1135 3578 etiam
1150 3536 1189 3578 ex
1204 3536 1350 3592 amem

146 3603 187 3665 iis
201 3604 316 3666 solutos
331 3603 376 3664 ire
389 3603 430 3664 ad
444 3601 662 3678 Hannibalem,
673 3611 705 3663 et
715 3621 903 3683 expromere,
916 3621 982 3682 qum
997 3613 1068 3664 ecta
1079 3612 1191 3680 essent,

142 3687 246 3771 jussit.
299 3685 467 3772 Hannibal,
499 3698 588 3750 tanto
610 3686 700 3749 simul
720 3687 853 3771 *publico
882 3687 1082 3770 larniliarique
1113 3687 1191 3750 ictus

341 3869 355 3903 r
369 3859 450 3927 legati
459 3857 665 3909 ant-Haedus.
698 3857 835 3924 ΟΜΝ
844 3859 919 3916 Gran.
931 3859 999 3908 Crsr.

144 4029 227 4072 antem
247 4023 286 4072 ille
304 4033 330 4072 et
347 4024 403 4072 ordo
419 4021 445 4071 in
462 4037 492 4072 eo
510 4021 599 4086 petitu
609 4030 654 4082 en,
685 4018 755 4081 igitur
782 4019 895 4080 Sigonius,
919 4035 990 4083 qaum
1016 4019 1137 4083 reperisset
1166 4021 1192 4070 in

147 4089 210 4152 mod
225 4089 464 4152 ineemtuprimum,
479 4104 494 4134 a
510 4084 653 4150 quopr‘mci·
684 4082 890 4149 scriptirbocloco
905 4086 1033 4142 moment,
1049 4083 1125 4133 effedt
1141 4087 1192 4133 indo

164 4155 212 4201 iam
222 4155 275 4201 duci
285 4167 325 4217 per
335 4163 395 4212 ent,
409 4152 493 4202 deinde
504 4151 528 4200 in
545 4149 654 4200 anatim
682 4151 795 4213 prodeest

146 4169 420 4266 denumerem.
718 4213 741 4248 ἥ
765 4211 781 4240 ·
808 4211 1189 4274 snam...mmm...n0ne]

181 4281 202 4315 ⁵¹
219 4280 275 4330 inde
290 4281 402 4344 pedena]
423 4280 526 4330 Verbum
545 4278 585 4328 bic
601 4294 653 4342 pm·
684 4277 787 4327 Mutavit
801 4276 938 4342 pecuniarias
953 4276 988 4324 rei
1005 4287 1090 4324 statum
1101 4278 1125 4326 in
1135 4279 1191 4326 ciri.

145 4346 233 4410 prium.
263 4344 461 4397 lernaeam
477 4345 503 4394 ia
522 4356 652 4394 matema
683 4353 741 4394 rete.
789 4351 801 4398 r
826 4341 880 4390 Hoc
901 4341 982 4389 eedem
1003 4357 1063 4390 seno
1083 4356 1192 4392 nummus

147 4409 313 4472 maburtbm
329 4413 407 4474 legari,
425 4411 602 4472 prodamur
624 4410 653 4457 ed
684 4423 767 4457 sarem
776 4407 875 4472 primurn
885 4405 967 4454 Rome
976 4417 1150 4474 percurrerem,
1163 4418 1193 4458 ut

145 4473 264 4542 papalum
290 4476 338 4526 rire
357 4477 383 4528 in
402 4477 545 4528 emtionem.
587 4473 653 4526 liene
685 4473 841 4536 dimersa
851 4471 911 4522 Plio.
921 4470 939 4520 1.
951 4483 1078 4522 sarusar·
1088 4475 1115 4525 ³.
