3092 5200
490 401 568 462 LIB.
579 397 696 460 XXIX.
709 399 792 462 CAP.
805 400 924 462 xxm.
1173 402 1233 462 528

186 571 306 638 quoque
317 567 453 640 tempore
465 567 638 639 compotem
650 555 798 638 populum
808 553 982 617 Romanum
993 545 1114 618 facere:
1137 557 1231 619 adeo-
1244 569 1278 621 υ.
1290 572 1320 622 c.
1331 571 1388 623 aaa

186 659 245 723 que
271 643 347 705 latis
371 644 442 706 inde
468 642 576 704 animis
606 640 736 724 profecti
767 653 848 720 sunt,
877 653 1036 723 tamquam
1061 637 1385 723 damnumst-0²⁰⁴·

185 747 247 792 non
262 729 334 792 belli
348 729 542 812 magnificum
563 727 755 811 adparatum,
779 728 953 790 nunciaturi
969 727 1099 791 Romam
1119 743 1232 793 esseut.

184 812 361 895 Pleminius,
376 816 486 900 quique
508 815 540 876 in
555 814 663 877 eadem
685 835 794 876 caussa
807 825 905 889 eraut,
920 825 1084 896 postquam
1099 816 1232 880 Romam
1244 833 1370 886 mentam

184 913 233 966 est
254 916 389 981 ventum,
412 902 574 985 extemplo,
592 903 624 963 in
649 921 803 964 carcerem
826 900 954 963 conditi.
974 921 1016 962 ac
1039 903 1139 985 primo
1160 900 1371 986 950.va

185 989 271 1052 ducti
292 990 331 1052 ad
351 989 497 1072 populum
523 989 570 1051 ab'
585 989 723 1064 tribunis,
750 989 832 1072 apud
850 1001 1077 1071 praeoccupatos
1096 987 1232 1054 Locren-
1244 977 1349 1018 moram.

184 1075 262 1138 aium
287 1077 372 1138 clade
394 1076 523 1154 animos,
546 1075 664 1137 nullum
686 1075 900 1138 misericordia
924 1075 1025 1136 locum
1050 1075 1233 1143 balmerunt.

181 1173 301 1244 postea,
323 1181 418 1244 quum
433 1162 541 1245 sapius
556 1162 806 1245 producerentur,
826 1159 892 1243 jam
915 1172 1093 1224 senescente
1107 1163 1232 1244 invidia,

182 1249 398 1312 molliebantur
423 1250 494 1311 irae:
517 1261 550 1310 et
571 1249 640 1330 ipsa
661 1248 839 1312 deformitas
860 1247 1000 1310 Pleminii
1025 1251 1233 1332 memoriaque

181 1335 316 1398 absentis
331 1334 483 1418 Scipionis
497 1335 631 1398 favorem
651 1337 689 1397 ad
709 1337 832 1418 vulgum
852 1335 1046 1397 conciliabat
1089 1335 1233 1399 Mortuus

182 1431 289 1484 tamen
313 1422 396 1505 prius
421 1423 453 1483 in
478 1422 606 1484 vinculis
633 1435 689 1500 est,
716 1441 808 1505 quam
830 1420 979 1503 judicium
1004 1422 1044 1483 de
1067 1443 1106 1484 eo
1126 1425 1232 1506 populi

181 1508 388 1591 perficeretur.
432 1507 525 1570 Hunc
552 1507 733 1572 Pleminium
758 1508 917 1571 ¹⁸Clodius
944 1507 1079 1570 Licinias
1098 1510 1131 1571 iu
1154 1511 1232 1574 libro

183 1595 278 1658 tertio
300 1615 404 1657 rerum·
418 1594 626 1658 Romanarum
652 1595 756 1674 refert,
782 1595 861 1657 ludis
885 1595 1004 1674 votivis,
1027 1615 1104 1677 quos
1125 1595 1233 1660 Roma

184 1680 346 1744 Africanus
372 1683 482 1745 iterum
509 1683 613 1745 consul
640 1682 785 1761 faciebat,
814 1693 959 1744 conatum
988 1702 1044 1765 per
1071 1684 1232 1764 quosdam,

184 1785 260 1848 quos
284 1769 383 1850 pretio
405 1781 598 1853 conmperat,
628 1769 744 1854 aliquot
769 1768 845 1830 locis
869 1769 974 1830 urbem
997 1768 1171 1848 incendere,
1197 1781 1233 1834 ut
1260 1782 1263 1788 '

183 1853 345 1938 frangendi
376 1857 504 1918 carceris
533 1856 729 1938 fugiendique
759 1856 885 1920 haberet
914 1856 1119 1934 occasionem,
1143 1866 1232 1940 pate-

184 1939 268 2004 facto
288 1941 358 2004 dein
382 1943 506 2022 scelere,
521 1943 693 2025 delegatum
709 1943 741 2004 in
758 1940 964 2004 ¹⁹'l'ullianum
979 1961 1018 2002 ex
1033 1955 1233 2005 senatuscon-

184 2025 275 2090 sulto.
319 2027 368 2090 De
393 2027 538 2112 Scipione
560 2051 720 2112 nusquam,
748 2028 807 2091 nisi
833 2029 865 2090 in
891 2040 1012 2106 senatu,
1041 2041 1154 2090 actum.
1180 2030 1232 2092 ubi

158 2175 159 2180 ,
184 2131 292 2176 omnes
307 2114 461 2198 legatique
475 2129 508 2179 et
522 2117 647 2194 tribuni,
669 2112 798 2178 clas'sein
819 2135 898 2194 eam,
912 2115 1090 2193 exercitum,
1106 2117 1233 2178 duceni·

184 2219 243 2282 que
257 2201 356 2263 verbis
376 2203 570 2279 extollentes,
595 2204 769 2282 effecerunt,
793 2215 829 2265 ut
849 2203 973 2264 senatus
995 2213 1144 2281 censeret,
1169 2203 1233 2286 pri-

183 2307 237 2350 mo
257 2307 378 2372 quoque
398 2301 536 2372 tempore
561 2291 592 2350 in
618 2289 756 2351 Africam
778 2288 1013 2371 trajiciendum3
1036 2285 1234 2374 Scipionique

183 2375 419 2456 permitteretur,
440 2388 476 2439 ut
494 2377 583 2438 exiis
598 2377 793 2454 exercitibus,
807 2376 858 2460 qui
873 2377 905 2436 in
919 2373 1025 2438 Sicilia
1039 2389 1152 2455 essent,
1167 2377 1233 2459 ipse

184 2459 311 2542 legeret,
337 2483 412 2544 quos
438 2463 469 2525 in
495 2463 632 2526 Africam
658 2483 760 2525 secum
788 2461 954 2545 trajiceret,
975 2470 1052 2543 qu‘os
1072 2463 1233 2545 provincia

183 2547 366 2630 relinqueret
381 2550 530 2633 prasidio.
712 2579 714 2590 ·

225 2634 346 2699 XXlll.
377 2634 460 2699 Dum
491 2639 554 2701 hac
585 2636 666 2722 apud
691 2636 848 2701 Romanos
877 2648 1033 2719 geruntur,
1063 2632 1231 2723 Karthagi-

182 2722 304 2786 nienses
319 2744 449 2806 quoque,
474 2746 578 2807 quum,
601 2723 730 2808 speculis
752 2722 807 2807 pir
826 2724 1037 2806 promontoria
1055 2723 1161 2784 omnia
1174 2740 1231 2806 po-

182 2809 951 2979 lbrtllltltftltlttllssl?
972 2809 1100 2958 llll?
1116 2810 1231 2958 llll.
1288 2818 1294 2835 ’

545 2942 555 2975 ,
870 2940 875 2951 .

182 2994 374 3045 momentum
411 2982 589 3065 adjecerunt
620 2983 801 3045 societatem
831 2980 981 3065 Syphacis
1017 2982 1107 3063 regis,
1144 2980 1230 3063 cujus

184 3068 318 3131 maxime
344 3068 457 3130 fiducia
470 3068 667 3151 trajectumm
690 3070 721 3130 in
736 3068 873 3129 Africam
895 3067 1069 3130 Romamm
1088 3067 1229 3130 credide-

185 3166 267 3217 runt.
310 3154 386 3219 Erat
406 3154 589 3219 Hasdrubali
612 3154 755 3237 Gisgonis
780 3154 844 3216 filio
867 3174 929 3216 non
954 3154 1120 3237 hospitium
1135 3155 1229 3220 modo

185 3260 255 3303 cum
272 3260 353 3323 rege,
379 3243 418 3305 de
434 3262 495 3325 quo
509 3256 581 3306 ante
604 3244 718 3305 dicum
741 3253 799 3317 eat,
822 3260 915 3323 quum
931 3260 970 3302 ex
985 3238 1136 3322 Hispania
1149 3241 1229 3304 forte

182 3327 217 3389 in
237 3328 318 3390 idem
340 3340 460 3413 tempus
482 3328 587 3412 Scipio
611 3341 703 3411 atque
725 3327 899 3390 Hasdrubal
923 3329 1229 3391 conuenemutrsed
1242 3337 1376 3391 Hadmbr-

182 3416 303 3477 mentio
327 3436 447 3498 quoque
476 3418 622 3479 inchoata
646 3415 824 3493 adfinitatis,
851 3426 888 3477 ut
909 3434 962 3476 rex
987 3414 1114 3476 duceret
1134 3403 1347 3477 filimarum

183 3498 396 3565 Hasdrubalis.
438 3502 489 3566 Ad
504 3525 572 3566 eam
588 3524 651 3565 rem
667 3501 939 3565 consummandam
954 3514 1136 3584 tempusque
1149 3522 1228 3586 nup-
1240 3470 1360 3600 23:2⁵⁷·

108 3794 114 3811 .
217 3756 238 3791 ¹⁸
258 3756 348 3805 Clodiru
366 3756 479 3822 Iidrdur]
507 3757 617 3807 Meminit
639 3756 689 3805 Cic.
720 3754 834 3803 duodecin
848 3755 911 3815 pedes
931 3752 994 3799 lani
1012 3752 1127 3812 ἄφνω.
1169 3748 1230 3797 Bam

181 3821 232 3871 l.t.
242 3824 271 3871 de
282 3823 388 3887 Legibus,
405 3838 430 3873 n.
443 3827 466 3873 6.
498 3822 574 3873 Clodii
584 3822 688 3871 historia·
720 3822 826 3867 muniunt
843 3819 941 3881 undiquc
953 3816 1054 3879 parieta,
1064 3825 1131 3879 atquc
1141 3816 1230 3875 iamper

182 3902 236 3935 mm
247 3889 375 3952 scriptoris:
394 3890 433 3951 qui
455 3890 475 3936 ri
492 3888 531 3938 bic
548 3900 583 3937 eat
601 3888 691 3935 Clodius
720 3881 1034 3947 mmmupaeusmiqu
1045 3882 1131 3929 ciram
1145 3880 1228 3956 redin-

182 3949 293 4015 Licbu’us,
310 3957 361 4017 ejus
382 3966 438 4003 arar
455 3966 520 4003 certa
534 3965 690 4015 cognoscetur.
720 3946 1046 4010 circumdensata
1055 3944 1229 4008 atquetembtlu

183 4016 262 4066 Docet
283 4018 344 4067 euim
364 4019 449 4069 ibidem
472 4018 555 4068 Cicero
575 4018 640 4066 illum
659 4018 688 4065 de
720 4012 850 4078 §arsacias
879 4012 907 4059 lu
925 4026 980 4059 eum
991 4010 1141 4058 demittebant
1150 4020 1228 4057 sontes

183 4097 231 4147 qua
247 4083 292 4143 ugit
311 4084 417 4135 Clodium
435 4083 548 4148 arripuere
565 4096 615 4148 porr
632 4082 688 4131 (ἴα.
720 4080 802 4141 quibos
825 4075 878 4139 gula
904 4077 987 4139 laqueo
1010 4077 1139 4151 brancudo
1158 4086 1228 4123 anet.
1330 4137 1336 4147 ι
1448 4110 1453 4122 .

181 4147 240 4197 lium
251 4149 409 4213 Antip-aum
422 4166 448 4200 ac
463 4150 558 4214 proinde
567 4150 627 4199 circa
636 4148 689 4213 Syl·
723 4142 978 4192 'lirllrfcrmcrdicebatur
988 4157 1001 4188 a
1011 4141 1064 4191 Ser.
1076 4140 1156 4189 'l'ullro
1164 4154 1228 4201 rege,

182 4213 356 4277 lamtempcrr.
653 4250 657 4255 .
722 4210 761 4273 qui
779 4224 830 4257 earn
848 4208 945 4257 catera
966 4219 1056 4270 mnam
1069 4207 1226 4256 adificavetat.

218 4278 239 4315 ¹⁹
263 4278 402 4344 Turturum]
429 4278 559 4345 inferiorem
580 4293 689 4328 carcerem
721 4276 846 4334 mmm,
862 4274 924 4335 quod
941 4272 980 4321 bic
997 4272 1130 4325 dubitanter
1147 4282 1172 4319 et
1187 4270 1227 4317 cd·

180 4355 248 4459 Τ
263 4344 492 4461 lama
505 4345 688 4460 ltlfllef
718 4335 1227 4462 Strffiilllllzl‘ulilllld

181 4474 207 4523 in
224 4474 287 4524 bello
303 4476 397 4526 Cutilia
431 4473 691 4531 marmanum,
721 4483 899 4534 quamcertum,
916 4467 1083 4518 meeibiullo
1098 4469 1227 4516 modom

182 4541 239 4605 quad
257 4539 387 4590 Tullianum
404 4541 556 4603 mauram..
568 4540 690 4590 ..circiter
719 4548 824 4603 petua,
836 4550 916 4586 ruma
923 4534 1063 4585 urratloco
1071 4532 1226 4599 supralata.
