3092 5200
481 343 560 409 alu
573 342 686 406 XXVI.
701 344 847 408 ΟΑΗῙ.
1129 348 1186 416 tot

149 501 275 584 sitisque
289 497 434 583 praesidiis
450 497 490 562 sd
503 499 674 564 mstodiam
688 500 782 578 urbis,
790 497 998 564 Tarrsoonem
1011 511 1059 562 ost
1072 499 1194 584 profec·
1206 507 1240 558 u.
1250 511 1280 559 c.
1291 514 1347 564 sta

150 599 211 668 tus,
233 609 253 649 a
266 585 369 649 multis
384 585 585 686 legationibus
599 587 738 688 protinus
752 585 849 687 invia
862 585 1067 732 “deqffm
1082 587 1194 672 partim
1206 574 1237 624 A.
1249 575 1280 623 ⁰·
1290 579 1347 626 ²¹⁰·

152 673 226 736 ‹lato
242 693 386 756 responso
401 694 439 734 ex
454 683 561 734 itinere
577 671 702 751 dimisit,
718 683 831 756 partun
847 671 965 733 distulit

1207 638 1230 686 1r
1239 637 1353 689 Tarraco-

1006 693 1194 751 arraeonem,
1206 717 1271 752 „m

152 779 213 841 quo
239 759 379 821 omnibus
403 759 488 820 novis
510 759 717 839 veteribusque
739 758 830 820 sociis
852 757 991 820 edixerat
1003 769 1195 820 conventum.

151 843 195 908 Et
209 846 310 908 cuncti
325 844 398 922 fere,
420 844 471 925 qui
495 844 539 906 cis
554 841 672 906 Iberum
688 844 837 922 incolunt,
859 843 977 926 populi,
999 843 1086 906 multi
1100 844 1196 906 etiam

153 935 179 972 ⁶⁴
196 931 344 994 ulterioris
359 931 518 1011 provincia
533 943 749 993 convenerunt.
788 929 1090 1012 Karthaginiensium
1104 930 1197 993 duces

154 1018 253 1100 primo
269 1037 307 1080 ex
321 1017 470 1078 industria
485 1016 598 1080 famam
613 1027 710 1100 oaptae
722 1015 921 1098 Karthaginis
935 1026 1194 1098 compresserunt:

42 1129 45 1134 ·
155 1104 274 1182 deinde,
295 1115 331 1165 ut
352 1103 461 1166 clarior
478 1114 616 1181 reserat,
639 1123 731 1184 quarn
746 1115 781 1165 ut
795 1104 858 1184 tegi
873 1123 911 1164 ae
926 1100 1109 1164 dissimulari
1124 1123 1196 1184 pos-

153 1203 210 1268 set,
233 1190 391 1252 elevabant
403 1189 512 1251 verbis.
555 1187 775 1272 ‘Neoopinsto
790 1188 920 1252 adventu
942 1209 979 1250 ao
1001 1209 1097 1271 prope
1116 1187 1198 1249 hirto

153 1278 164 1310 ‘
178 1276 267 1338 unius
282 1276 343 1338 diei
357 1275 465 1337 urbem
480 1295 572 1336 unam
584 1273 740 1358 Hispania
754 1276 965 1359 interceptam.
979 1272 1065 1355 eujus
1076 1273 1119 1337 rei
1131 1285 1196 1336 tam

154 1363 277 1446 ‘parva
311 1361 436 1445 praemio
464 1361 577 1425 elatum
607 1361 790 1426 insolentem
815 1360 969 1444 juvenem,
999 1363 1027 1400 ⁸⁵
1043 1360 1198 1423 inmodico

155 1448 292 1532 ‘gaudio
307 1449 439 1532 speciem
455 1467 572 1531 magnae
586 1447 718 1512 victoriae
732 1448 912 1531 inposuisse.
954 1446 1008 1524 Ar,
1019 1447 1075 1508 ubi
1087 1446 1197 1528 adpro-

155 1537 167 1570 ‘
182 1536 328 1618 pinquare
342 1545 403 1596 tres
419 1534 523 1612 duces,
545 1547 606 1596 tres
620 1534 751 1596 victores
772 1535 906 1598 hostium
929 1533 1080 1596 exercitus
1095 1530 1197 1594 audis·

155 1623 166 1656 ‘
182 1634 240 1698 set,
254 1622 449 1683 obcursruam
464 1620 493 1681 ei
508 1620 663 1702 extemplo
677 1620 913 1682 domesticorum
927 1619 1066 1681 hinorum
1080 1638 1199 1680 memo·

156 1709 166 1742 ‘
181 1702 278 1770 riam?
324 1704 398 1768 Haec
413 1705 445 1768 in
459 1706 565 1788 vulgus
576 1704 749 1788 jactabant,
765 1706 1001 1790 haudquaquam
1016 1705 1074 1788 ipsi
1089 1703 1200 1786 ignari,

158 1805 304 1876 quantum
327 1793 384 1855 sibi
410 1791 450 1856 ad
473 1793 578 1855 omnia
601 1792 718 1871 virium,
740 1790 932 1876 Karthagine
946 1792 1069 1871 amissa,
1095 1791 1201 1854 deces-

158 1881 256 1944 sisset.

188 2035 211 2070 ⁶⁴
225 2033 339 2084 Ulteriorir
345 2035 471 2100 prunarius]
480 2033 590 2084 Noudion
603 2035 661 2086 llis·
724 2035 747 2071 ⁶⁵
758 2036 773 2065 ⁰
785 2035 902 2085 Inmdioo
918 2035 1013 2102 gradio]
1033 2037 1080 2086 Per
1097 2035 1202 2086 immodi-

156 2102 222 2166 pruia
233 2099 330 2148 ulterior
340 2101 401 2148 inter
411 2101 537 2164 morineias
548 2101 662 2149 Romanas
693 2115 746 2150 euro
763 2103 882 2163 gaudium,
897 2118 943 2165 quo
960 2101 1105 2163 cmhngtutr
1115 2117 1201 2166 expug-

157 2177 214 2216 errt.
245 2166 291 2214 Sed
307 2175 347 2213 rut
366 2166 494 2228 &rupicis
505 2166 590 2226 Livius,
601 2167 662 2229 quod
693 2167 811 2215 ortionem
834 2167 971 2224 oelehnhu
993 2167 1096 2216 efferim
1118 2179 1145 2215 ut
1164 2181 1202 2214 rer

158 2231 253 2280 Publius
278 2229 408 2295 Gnaeusque
432 2241 497 2294 pater
523 2243 546 2278 rt
569 2241 663 2294 patmus
693 2247 735 2296 per
753 2247 779 2281 rr
797 2246 866 2295 parra
882 2233 982 2295 φοείεω
998 2248 1087 2294 mogun
1102 2231 1202 2280 νίιταὶι

158 2297 262 2346 Africani
272 2311 322 2344 eam
332 2295 381 2344 sere
389 2297 439 2360 jrm
450 2295 587 2360 provinciam
598 2295 661 2344 iere·
692 2297 779 2344 hahere
796 2297 925 2345 rideretw
951 2296 1003 2359 quir
1021 2312 1105 2361 nempe
1121 2297 1144 2343 id
1158 2309 1201 2343 ne-

158 2373 220 2422 rant,
231 2371 270 2408 rut
280 2361 353 2408 utitur
363 2361 437 2428 phrasi
447 2376 489 2409 ruo
498 2361 596 2428 tempori
607 2375 661 2408 rou·
692 2377 756 2411 carre
768 2373 818 2410 erat
829 2376 936 2422 maguum
946 2361 1027 2419 rideri,
1043 2363 1073 2413 ‹le
1088 2375 1135 2424 quo
1152 2371 1202 2411 troi

158 2427 309 2476 rruienriors.
327 2424 493 2474 Gronovius.
512 2424 604 2473 Poterat
614 2439 663 2474 rer-
692 2425 841 2478 immodicum
852 2427 959 2489 nortun
970 2440 1039 2479 sart.

158 2491 206 2542 rari
215 2503 320 2542 veterum
330 2490 444 2540 aditorum
456 2489 535 2556 lertio,
552 2491 678 2542 ultoiorit¹

158 2557 279 2621 nmo.
