3092 5200
501 346 579 409 ms.
589 342 708 409 xxm.
729 346 812 409 cte.
826 348 898 411 xx.
1112 330 1116 337 ’
1175 356 1228 413 tst

180 502 262 567 clam
286 502 463 587 inportandi
487 524 557 588 spes
579 514 670 585 esset,
701 505 790 586 farre,
817 526 857 569 ex
883 504 963 587 agris
988 502 1071 567 circa
1096 502 1387 589 minuemus·

180 600 339 669 convecto,
367 610 461 674 quum
486 593 645 676 complure
674 592 757 656 dolia
789 592 984 675 complesset,
1016 592 1163 654 nuncium
1190 570 1381 655 ad⁸·⁰·²¹⁶·

179 678 395 759 magistratum
424 676 593 741 Casilinum
629 680 723 757 misit,
761 690 797 741 ut
826 678 1004 760 exciperent
1033 677 1127 757 dolia,
1163 698 1230 760 que
1243 683 1368 763 §sumtum

180 764 280 827 amnis
302 762 444 828 deterret.
488 763 661 847 Insequenti
686 776 788 844 nocte,
814 764 941 827 intentis
963 763 1103 826 omnibus
1126 764 1157 825 in
1172 764 1230 825 flu·
1243 764 1268 798 ¹¹²
1282 750 1346 803 ‘'ii''
1385 764 1398 799 ¹

180 868 251 913 meu
265 871 304 913 ac
318 870 406 934 spem
428 851 468 913 ab
488 853 603 915 nuncio
617 851 759 915 Romano
781 852 908 930 factam,
935 850 1018 913 dolis
1039 849 1141 912 medio
1156 851 1229 913 mis·
1242 829 1348 929 {22:5ss
1386 841 1397 854 ”

180 956 217 999 sa
244 938 328 1000 amni
357 938 568 1001 deflmtenmt:
608 938 764 1020 equaliter
801 938 881 1000 inter
909 956 1016 999 omnes
1044 936 1230 1001 frumentum
1242 944 1350 995 mittitur

180 1022 319 1087 divisum
378 1022 416 1086 ld
442 1035 566 1108 postero
595 1044 716 1108 quoque
746 1024 796 1087 die
832 1046 870 1087 ao
904 1024 996 1087 tertio
1027 1023 1142 1086 iactum
1172 1037 1230 1089 est.

181 1120 271 1173 nocte
300 1121 333 1173 et
361 1111 563 1175 mittebantur
588 1123 621 1175 et
643 1111 882 1194 perveniebant:
913 1132 951 1173 eo
975 1110 1131 1173 custodias
1158 1111 1231 1173 hos-

182 1196 258 1259 tiurn
287 1196 445 1260 fallebant.
488 1194 640 1259 Imbribus
670 1198 781 1260 deinde
812 1197 965 1261 continuis
993 1197 1117 1260 citatior
1140 1196 1231 1259 solito

181 1284 291 1363 amnis,
315 1294 487 1347 nunterso
499 1283 616 1347 vortice
630 1283 713 1346 dolia
734 1284 846 1366 inpulit
859 1284 899 1345 ad
914 1283 1024 1365 ripam,
1050 1303 1141 1365 quam
1157 1284 1230 1345 bos-

180 1382 230 1432 tes
252 1371 422 1434 servabant.
451 1371 494 1433 ibi
519 1371 664 1433 harentia
688 1370 768 1433 inter
791 1370 906 1454 obnata
931 1370 1004 1452 ripis
1028 1370 1136 1433 salicta
1155 1372 1230 1431 con-

181 1456 371 1539 spiciuntur:
399 1457 638 1539 nunciatumque
661 1454 831 1519 Hannibali
855 1468 912 1535 est,
937 1468 968 1519 et
991 1456 1102 1518 deiude
1127 1457 1230 1518 inten-

181 1543 278 1604 tioret
292 1543 434 1605 custodia
447 1554 582 1622 cautum,
604 1564 644 1605 ne
669 1543 743 1625 quid
766 1543 887 1607 falleret
901 1540 1054 1605 Vulturno
1068 1542 1109 1605 ad
1123 1542 1230 1605 urbem

181 1629 318 1691 meum.
369 1627 473 1692 Nuces
508 1643 614 1693 tamen
643 1629 716 1691 tum
744 1630 783 1691 ab
813 1628 960 1691 Romanis
990 1629 1107 1708 castris,
1137 1648 1231 1711 quum
1242 1636 1322 1688 Nuces
1332 1639 1388 1689 mt-

182 1714 285 1777 medio
311 1715 394 1777 amni
416 1718 456 1779 ad
479 1714 647 1778 Casilinum
670 1715 849 1793 defluerent,
875 1714 1008 1779 cratibus
1034 1715 1229 1798 excipieban·
1242 1715 1383 1817 ‘culil‘th

183 1811 242 1863 tur.
284 1798 443 1865 Postremo
461 1803 502 1864 ad
523 1802 557 1864 id
571 1813 694 1864 ventum
717 1802 827 1885 inopie
843 1814 901 1879 est,
923 1813 958 1864 ut
980 1802 1046 1864 lora
1061 1802 1230 1865 detractas-
1243 1770 1397 1901 „sshffim

182 1908 242 1969 que
256 1888 349 1951 scutis
364 1888 470 1971 pellea,
496 1888 548 1949 ubi
571 1888 686 1950 fervida
709 1888 879 1951 mollissent
900 1907 989 1970 aqua,
1010 1887 1154 1951 mandere
1176 1908 1229 1951 co·
1242 1900 1391 1951 mutuatur.

179 1986 335 2054 narentur,
359 1996 418 2037 neo
442 1976 577 2037 muribus
594 1974 691 2037 aliove
713 1974 838 2037 animali
861 1975 1059 2053 abstinerent,
1083 1986 1116 2037 et
1138 1990 1229 2037 omne

181 2062 342 2125 herbarum
368 2062 567 2144 radicumque
592 2081 689 2144 genus
713 2061 873 2143 aggeribus
898 2059 1009 2123 infimis
1036 2062 1113 2123 muri
1140 2082 1228 2124 erue-

180 2160 270 2227 rent3
297 2151 376 2228 ”et
400 2168 495 2231 quum
517 2149 622 2212 hostes
644 2149 832 2226 obarassent,
858 2147 1004 2231 quidquid
1026 2146 1143 2210 herbidi
1167 2152 1229 2209 t'er-

181 2235 246 2296 reni
261 2246 349 2298 extra
361 2255 483 2297 murum
503 2246 580 2311 erat,
601 2254 744 2317 raporum
760 2254 864 2297 semen
888 2231 1068 2316 injecerunt,
1089 2245 1126 2296 ut
1139 2231 1228 2295 Han-

179 2321 276 2399 nibal,
290 2319 397 2383 ‘Fons
410 2342 516 2404 usque,
532 2321 605 2383 dum
620 2341 657 2383 ea
668 2331 843 2399 nascantur,
857 2318 896 2381 ad
912 2318 1080 2382 Casilinum
1095 2340 1229 2382 sessurus

181 2406 274 2469 ‘sum
284 2405 310 2468 i’
325 2408 530 2470 exclamaret:
552 2417 594 2485 et,
616 2408 667 2489 qui
681 2407 798 2469 nullam
814 2418 906 2469 antea
918 2406 1092 2489 pactionem
1108 2406 1229 2469 auribus

183 2493 355 2574 admiserat,
377 2506 443 2557 tum
459 2495 582 2557 demum
598 2494 648 2576 agi
670 2514 775 2556 secum
797 2504 845 2555 est
865 2513 970 2577 passus
987 2491 1026 2556 de
1040 2492 1230 2575 redemtione

182 2579 344 2646 liberorum
369 2582 516 2666 capitum.
564 2578 771 2664 “septunces
798 2580 862 2644 auri
887 2580 919 2642 in
941 2580 1076 2664 singulos
1098 2579 1230 2664 pretium

183 2668 333 2733 convenit.
391 2667 467 2731 Fide
497 2679 637 2751 accepta,
666 2689 733 2730 sese
762 2666 973 2730 tradidemnts
1013 2667 1110 2730 donec
1139 2687 1229 2730 omne
1243 2679 1369 2758 Hantiiui

183 2775 288 2818 aurum
302 2756 491 2840 persolutum
517 2765 576 2833 eat,
601 2755 633 2817 in
647 2755 775 2817 vinculis
797 2754 913 2818 habiti:
940 2765 1006 2817 tum
1028 2753 1145 2818 remissi
1168 2746 1334 2862 Cli-ffli‘
1348 2745 1397 2794 ⁰¹·

182 2862 249 2904 mas
275 2863 345 2905 cum
366 2842 437 2904 fide.
480 2841 519 2903 ld
532 2841 631 2904 verius
652 2851 710 2918 est,
735 2862 827 2923 quam
851 2842 890 2902 ab
912 2841 1015 2924 equite
1038 2841 1069 2902 in
1086 2840 1230 2903 abeuntes
1295 2827 1344 2860 ω’

182 2928 308 2991 inmisso
339 2928 526 2991 interiectos.
584 2925 760 2990 Proenestini
790 2928 926 2991 maxima
961 2947 1030 3010 pars
1062 2926 1156 2990 luere.
1191 2947 1230 2990 ex

183 3013 357 3095 quingentis
379 3015 586 3098 septuaginta,
609 3014 661 3096 qui
685 3014 718 3075 in
739 3014 880 3098 presidio
900 3013 1033 3092 fuerunt,
1059 3013 1159 3076 minus
1181 3013 1229 3076 di-

183 3098 313 3160 midium
340 3100 453 3161 sermm
479 3100 633 3184 famesque
655 3100 825 3164 absumsit:
852 3101 945 3163 ceteri
969 3099 1135 3162 incolumes
1151 3097 1229 3162 Pre-

182 3195 270 3247 neste
285 3205 355 3248 cum
398 3196 505 3248 retore
525 3207 581 3248 suo
595 3183 734 3248 Manicio
758 3186 870 3268 (scriba
892 3186 918 3248 is
939 3196 1031 3247 antea
1045 3184 1155 3266 bremt)
1180 3205 1229 3248 re·

183 3271 318 3335 diemnt.
362 3208 473 3334 Sptatua
487 3270 553 3353 ejus
568 3272 682 3336 indicio
703 3273 770 3352 fuit,
796 3271 945 3336 Proeneste
967 3271 998 3334 in
1021 3269 1089 3333 ioro
1103 3282 1230 3352 statuta,

184 3357 323 3437 loricata,
338 3359 453 3421 amicta
465 3369 550 3441 toga,
564 3358 665 3421 velato
680 3361 801 3443 capite3
825 3371 858 3422 et
877 3359 938 3421 tria
951 3357 1040 3441 signa
1054 3377 1124 3420 cum
1138 3358 1230 3420 titulo

182 3444 292 3507 lamnae
306 3465 396 3508 eneae
411 3444 569 3529 inscripto,
584 3443 777 3509 ‘Manicium
793 3467 850 3532 pro
864 3445 1021 3522 militibus,
1037 3444 1088 3528 qui
1102 3443 1230 3508 Casilini

181 3531 193 3565 ‘
208 3531 241 3594 in
255 3532 396 3616 presidio
411 3529 648 3610 fuerintvotum
659 3531 797 3596 vonum!
841 3531 928 3595 Idem
940 3531 1047 3596 titulus
1057 3532 1153 3594 tribus
1167 3531 1230 3613 sig-

181 3618 230 3680 nis
244 3618 277 3680 in
292 3619 356 3681 ede
370 3615 511 3680 Fortuitae
524 3617 634 3702 positis
649 3617 708 3680 fuit
720 3617 883 3701 subjectus.

225 3702 299 3768 XX.
321 3702 489 3767 Casilinum
511 3705 661 3789 oppidum
683 3705 837 3768 redditum
859 3703 936 3767 Cam
960 3705 1025 3768 anis
1047 3716 1106 3784 cst,
1127 3703 1229 3766 firma·

183 3802 250 3853 tum
265 3792 530 3874 septingentorum
552 3791 686 3852 militum
709 3791 748 3853 de
771 3791 906 3853 exercitu
955 3791 1104 3853 annibalis
1128 3791 1230 3872 presi-

185 3876 255 3956 dio;
284 3898 337 3955 ne,
361 3879 415 3940 ubi
440 3875 549 3939 Poenus
578 3876 652 3939 inde
677 3877 884 3956 abscessisset,
914 3876 1045 3940 Romani
1070 3877 1111 3938 ob
1132 3895 1230 3958 ugna-

183 3976 260 4027 rent.
313 3961 506 4027 Praenestinis
530 3963 678 4026 militibus
707 3977 830 4028 senatus
856 3961 1013 4028 Romanus
1039 3897 1152 4044 duplix
1175 3961 1229 4022 sti·

182 4051 328 4133 pendium
343 4061 376 4114 et
390 4049 588 4132 quinquennii
611 4050 728 4112 militie
741 4051 935 4116 vacationem
957 4049 1100 4113 decrevit.
1122 4047 1229 4111 civita·

608 4187 615 4218 ¹
628 4183 817 4238 ternionem.
863 4192 866 4198 '

214 4287 237 4325 θ’
255 4287 369 4354 Etanna
379 4288 460 4358 isam]
470 4289 550 4339 Ouum
562 4289 628 4339 Poeni
638 4291 691 4339 oba·
755 4293 778 4329 Μ
795 4287 983 4354 διγιιιιιεειαιινι]
1003 4289 1110 4354 Septense
1129 4285 1177 4336 auri
1187 4299 1230 4334 un·

181 4365 269 4402 ment
280 4355 388 4418 quidquid
405 4355 447 4404 soli
463 4356 555 4405 herbidi
570 4356 629 4405 circa
640 4373 691 4404 mu·
723 4357 766 4406 eie
776 4356 801 4404 in
811 4355 910 4420 singulos
919 4375 925 4403 :
940 4355 1013 4406 uncie
1022 4365 1134 4405 umtrates
1143 4364 1231 4418 septem

181 4431 234 4465 ruat
245 4433 303 4476 erut.
308 4421 445 4469 Praenestini
454 4421 493 4483 qul
504 4421 631 4470 casilinum
638 4433 691 4473 tue·
723 4437 779 4472 corn
789 4423 864 4484 granis
877 4423 930 4472 168.

181 4482 267 4532 untur
276 4499 381 4549 mpuum
391 4500 471 4536 minen
481 4501 510 4537 ec
520 4487 657 4554 injecerunt.

224 4570 300 4620 VOL·
315 4571 352 4615 n.
758 4571 785 4620 il
