3092 5200
200 497 344 615 neu
368 503 682 654 milit&
697 498 1130 653 mentun
1144 503 1416 672 eluunt

365 349 428 416 U
785 343 993 410 mum

368 678 407 740 tis
435 675 596 740 Poenorum
629 687 741 754 essue,
771 696 862 757 quam
885 675 1038 753 Romana,
1064 675 1131 754 (diu
1159 674 1414 738 circumsedendo
1461 718 1464 722 -

116 810 120 816 .
201 761 334 845 osseum-
369 761 544 846 Syracusas,
563 763 640 824 eaelo
664 764 809 844 aquisque
834 762 994 824 adsuernrrt
1014 762 1126 843 magis)
1153 761 1318 824 adfecerat.
1361 759 1414 823 Ex

201 843 350 946 wlff
369 851 504 913 hostium
519 849 655 914 exercitu
670 847 775 927 Siculi,
800 860 836 910 ut
858 848 988 930 primurn
1001 848 1105 910 videre
1117 867 1158 909 ex
1171 847 1322 929 gravitate
1346 847 1412 908 leci
1442 857 1450 908 ἶ

200 975 250 1014 ffl-

369 935 485 1018 vulgnri
509 935 642 1012 morbos,
667 935 699 998 in
728 955 796 996 sues
823 935 947 1017 quisque
970 935 1154 1016 propinquus
1178 934 1271 996 urbes
1300 933 1411 1014 dilapsi

370 1033 452 1084 sunt.
479 1031 514 1084 st
536 1017 820 1102 Karthaginienses,
854 1021 964 1101 quibus
990 1039 1137 1100 nusquam
1163 1029 1303 1100 receptis
1332 1029 1410 1096 erat,

371 1125 442 1170 eum
467 1106 540 1189 ipsis
563 1107 689 1168 ducibus
715 1105 912 1188 Hippocrate·
932 1116 1021 1188 atque
1045 1104 1230 1183 Himilcone,
1251 1104 1293 1167 ed
1315 1105 1411 1167 inter-

371 1193 532 1256 necionem
554 1212 660 1254 omnea
672 1194 838 1276 perierunt.
881 1189 1056 1270 Marcellus,
1069 1203 1106 1252 ut
1122 1202 1207 1252 tante
1225 1191 1271 1252 vis
1285 1191 1409 1271 ingrue*

273 1331 279 1348 ,
371 1280 428 1341 bnt
452 1279 535 1357 meli,
561 1278 737 1340 traduxerat
774 1279 807 1340 in
837 1278 944 1339 urbem
965 1298 1057 1338 suos:
1079 1276 1255 1356 infirmaque
1279 1295 1432 1357 eorpora·

370 1375 454 1426 teetn
468 1375 501 1428 et
521 1365 635 1426 umbre
650 1374 867 1426 recreaverunt,
909 1361 1004 1424 Multi
1018 1374 1121 1424 tamen
1135 1383 1174 1425 ex
1187 1361 1328 1424 Romano
1351 1381 1409 1423 err·

371 1447 466 1512 ereitu
480 1449 588 1511 eadem
598 1461 684 1532 peste
698 1450 832 1512 absumti
846 1460 929 1512 sunt.
1348 1494 1353 1502 .
1393 1479 1397 1499 ·

412 1533 545 1598 XXVII.
566 1533 678 1598 Deleto
715 1535 865 1598 terrestri*
884 1533 999 1596 Punico
1038 1534 1185 1613 exercitu,
1217 1530 1321 1612 Siculi,
1355 1532 1409 1616 qui

370 1619 567 1704 Hippocratis
588 1621 702 1684 milites
727 1621 938 1699 fuerant,⁶⁴in
952 1621 1037 1683 haud
1057 1641 1171 1703 magne
1184 1619 1308 1702 oppida,
1326 1630 1411 1682 este·

370 1727 437 1768 rum
453 1718 485 1768 et
498 1707 559 1769 situ
582 1718 614 1770 et
624 1707 819 1770 munimentis
844 1717 921 1785 tuta,
947 1706 1020 1786 (tris
1033 1708 1131 1769 millis
1151 1706 1282 1768 alterum
1301 1706 1340 1765 ab
1353 1702 1413 1787 Sy·

370 1794 496 1871 racusis,
517 1793 646 1854 nltemm
660 1793 834 1874 quindecim
850 1792 949 1873 abest)
970 1815 1008 1856 eo
1034 1804 1067 1874 et
1089 1803 1279 1854 commentus
1298 1811 1316 1853 e
1340 1790 1413 1874 civi·

371 1879 485 1943 tatibus
505 1879 566 1940 suis
592 1879 835 1960 comportabant,
858 1890 891 1942 et
914 1879 1028 1940 auxilie
1046 1879 1251 1941 arcessebant.
1294 1874 1414 1938 interea

338 1963 538 2044 'Bomilenn
575 1965 684 2028 iterum
707 1985 777 2028 eum
799 1965 896 2026 classe
932 1965 1089 2048 proiectus
1113 1963 1344 2044 Karthaginem,
1368 1962 1413 2022 ite

371 2053 512 2134 exposite
526 2051 650 2114 fortuna
672 2053 835 2152 sociorum,
850 2061 885 2112 ut
898 2071 985 2132 spem
999 2042 1122 2129 laceret,
1139 2070 1202 2112 non
1223 2049 1296 2149 ipsis
1317 2047 1412 2108 modo

371 2135 1299 2305 tltttltt‘lflssttffil‘l,ltmtlhh⁰tit
1317 2143 1414 2302 tt?

365 2308 515 2389 plurimas
530 2307 613 2368 omni
640 2307 731 2389 copie
753 2327 854 2368 rerum
867 2319 993 2370 mustea
1020 2328 1122 2370 seeum
1141 2307 1313 2382 mitterent,
1333 2305 1414 2366 eles-

370 2411 496 2472 semque
510 2411 596 2452 suem
615 2393 889 2474 augerentigitur,
914 2406 1038 2457 eentum
1057 2393 1185 2475 triginta
1198 2392 1325 2454 navibus
1346 2390 1413 2452 lon-

370 2477 417 2558 gis
447 2487 480 2538 et
503 2478 703 2559 septingentis
730 2479 876 2540 onerariis
897 2479 1052 2561 proiectus
1077 2501 1098 2542 a
1122 2477 1322 2559 Karthagine,
1341 2476 1416 2566 sutis

368 2561 542 2646 prosperos¹
562 2574 667 2628 ventos
683 2564 723 2626 nd
745 2563 959 2646 trajiciendum
978 2566 1010 2627 iu
1027 2563 1163 2630 Sieilium
1185 2562 1301 2626 habuit.
1322 2561 1413 2624 “sed

343 2712 346 2723 ,
369 2649 464 2713 iidem
486 2651 568 2713 venti
583 2670 725 2734 superare
750 2670 821 2713 eum
845 2650 1020 2735 Pachynum
1039 2652 1253 2736 prohibebant.
1296 2647 1414 2711 Bomil-

352 2736 448 2797 'caris
471 2736 629 2816 adventus,
651 2736 734 2799 sema
754 2738 865 2820 primo,
894 2737 965 2799 dein
980 2750 1088 2821 praeter
1102 2758 1187 2821 spem
1201 2757 1298 2813 more,
1321 2753 1413 2815 quum

366 2821 514 2903 gaudium
530 2834 562 2885 et
584 2833 699 2885 metum
715 2825 747 2885 in
771 2824 868 2886 vicem
892 2822 1040 2885 Romanis
1064 2822 1317 2908 Syraeuannisque
1335 2840 1412 2902 pm·

347 2908 486 2983 ,buisset
493 2930 505 2987 3
528 2908 680 2993 Epicydes
705 2920 856 2989 metuens,
877 2930 928 2987 ne,
950 2910 975 2971 si
997 2921 1161 2993 pergerent
1191 2908 1326 2984 “iidem,
1358 2907 1411 2986 qui

369 3005 436 3057 tum
448 2995 604 3074 tenebant,
628 2995 665 3057 eb
687 3006 757 3058 ortu
777 2996 850 3057 selis
865 2995 938 3057 llere
950 3016 1006 3077 per
1025 2995 1091 3057 dies
1127 2996 1207 3057 lurea
1220 2993 1313 3069 venti,
1333 2992 1411 3053 elas·

370 3081 412 3143 sis
437 3078 554 3150 Punica
574 3080 710 3143 Africam
734 3093 897 3164 repeteret,
919 3082 1034 3143 tradite
1053 3080 1101 3142 Ae
1157 3072 1231 3143 dina
1255 3098 1413 3141 mercena·

362 3167 485 3229 -riorurn
511 3168 644 3230 militum
664 3167 802 3245 ducibus,
821 3168 861 3228 ad
875 3166 1078 3229 Bomilcarem
1101 3167 1236 3248 navigat.
1254 3164 1417 3227 ueterem

369 3253 402 3314 in
417 3254 549 3316 statione
563 3275 652 3317 versa
666 3254 697 3315 in
712 3252 849 3315 Africam
869 3253 1044 3330 habentem,
1069 3264 1159 3336 atque
1184 3253 1346 3315 timentem
1359 3270 1416 3312 ns-

368 3338 437 3400 vele
452 3340 603 3421 proelium,
628 3360 690 3401 non
717 3350 780 3401 tam
799 3340 881 3421 qu'nd
895 3340 983 3421 inpar
1005 3338 1118 3402 viribus
1142 3349 1196 3400 aut
1215 3356 1346 3399 numero
1359 3356 1419 3397 ns·

269 3480 273 3487 .
346 3424 451 3485 *vium
476 3437 570 3500 esset,
585 3424 709 3507 (quippe
725 3426 818 3487 etiam
833 3423 934 3506 plures
956 3425 1103 3502 habebat)
1120 3444 1212 3506 quam
1230 3423 1314 3504 quod
1329 3421 1413 3486 venti

370 3509 503 3593 aptiores
532 3508 689 3611 Romanae,
711 3528 803 3589 quern
825 3529 897 3587 sue,
929 3510 1018 3572 classi
1050 3510 1169 3589 flerent,
1189 3508 1321 3592 perpulit
1343 3516 1414 3569 tsn-

498 3638 793 3702 *merestonam
840 3685 843 3693 ,
1026 3638 1290 3704 ἱμοῳαωιιιίιῑιᾱ.
1381 3640 1384 3643 ’

401 3752 659 3819 “lahmsdmsgss
685 3753 1413 3819 oppida..ss],rsntesquoBomilerrsdl'aehynnm

249 3870 257 3879 ,
369 3820 514 3886 Supervseus
534 3820 624 3869 ridetur
644 3820 752 3885 particule
773 3836 806 3869 se.
843 3822 877 3869 At
909 3833 1055 3887 peruenerat:
1082 3822 1122 3870 sed
1150 3821 1183 3869 its
1210 3830 1238 3869 nt
1264 3834 1310 3869 nen
1334 3820 1424 3879 mium.

369 3901 534 4002 nonnusquam·
554 3884 704 3999 mdtffiufim
721 3884 835 3949 iteloqui,
850 3896 878 3935 ut
911 3903 978 3950 quum
996 3887 1068 3967 prim,
1083 3884 1231 3949 prohiberent
1245 3885 1348 3949 superni
1364 3899 1417 3949 pro·

369 3954 607 4083 ttfftlttsst.
632 3985 638 3999 '
666 3964 707 4000 '¹‘
723 3966 788 4015 ‘³⁹⁹'
801 3954 877 4001 ¹⁹³⁸
907 3954 1217 4081 3⁰3⁰&pr
1363 3962 1419 3998 '⁸¹'

402 4082 483 4133 ⁵⁵Sed
520 4084 586 4131 iidem
624 4078 695 4143 uenti]
735 4076 876 4143 Csrtbsgine
940 4079 1420 4136 ⁵⁷⁴Clmusrisrstats‘mesms‘n

370 4144 504 4211 Pachynum
523 4158 629 4213 petentes
650 4154 734 4193 sentus
753 4144 783 4193 sb
799 4158 880 4192 occuu
910 4145 1015 4212 Afrim
1040 4144 1161 4209 labsum]
1191 4141 1355 4197 Bomilcarem.
1376 4143 1419 4202 qui

370 4210 444 4260 ferme
461 4214 519 4263 flens
538 4222 640 4262 vexerat.
667 4210 754 4257 Auster
775 4224 879 4257 neem
910 4211 1012 4261 habebnt
1030 4212 1124 4261 classem
1145 4211 1169 4257 in
1189 4208 1287 4256 statione
1310 4219 1376 4253 versa
1391 4205 1420 4253 in

371 4272 478 4325 riuserrt
494 4279 630 4340 narlguuris
644 4274 793 4339 sbl’sebyne
808 4274 880 4339 Syre·
911 4274 1033 4325 Afiiesm:
1061 4277 1157 4325 classem
1179 4283 1277 4321 asturem
1297 4270 1371 4335 proris
1392 4270 1420 4317 in

370 4351 442 4386 cuns.
796 4399 798 4402 Ι
910 4342 1014 4390 Africam
1024 4342 1105 4405 versis,
1120 4352 1230 4407 tauquam
1250 4350 1282 4390 tu
1295 4336 1420 4388 nevim-

404 4398 1053 4474 utumprmmmumjectmm
1378 4408 1390 4427 ’“

370 4466 437 4519 salit.
460 4499 468 4519 .
486 4468 557 4536 seru]
567 4470 639 4523 Venti
655 4484 709 4531 erga
728 4469 812 4521 mutati
827 4471 879 4521 lue·
968 4541 972 4550 Ι
