3092 5200
332 344 393 406 aas
744 331 828 409 ml
844 331 948 396 mvn

167 503 310 558 nasto.
332 489 366 551 in
390 481 517 566 Samnio
546 495 659 564 esseut,
691 485 747 548 sed
774 486 995 551 circumsessuri
1024 485 1165 572 Capuam
1184 484 1385 558 ridercntrrrt

167 570 308 648 ΜΨ·
334 573 418 657 quod
447 573 561 636 malum
587 573 734 636 diuturne
767 573 931 637 obsidionis
967 595 1035 636 esse
1057 574 1146 653 solet,
1174 572 1243 655 -janr
1264 572 1383 635 tarnem

168 637 313 764 ffu'm
335 659 484 744 Campani
515 660 707 737 sentiebant3
746 660 817 742 quia
846 673 1013 724 sementem
1036 660 1135 724 facere
1161 659 1385 742 prohibuerant

207 733 215 750 ’
335 769 387 810 eos
403 747 534 810 llomani
560 747 720 808 exercitus.
754 743 861 829 ltaque
883 748 999 828 legatos
1024 748 1064 809 ad
1090 745 1297 810 Hannibalem
1319 744 1380 806 mi-

249 899 252 904 ,
335 846 450 912 serunt,
473 843 607 912 orantes,
636 843 669 894 nt
683 832 785 916 prins,
800 853 892 914 quam
906 834 1043 896 consules
1057 835 1090 896 in
1105 854 1195 916 agros
1206 852 1290 895 auos‘
1302 831 1381 900 edu-

335 931 439 982 cerent
463 921 610 1002 legiones,
649 919 762 1000 viaque
792 940 899 982 omnes
929 919 1062 983 hostium
1087 920 1234 1002 presidiis
1264 918 1382 980 inside-

336 1017 450 1085 rentur,
476 1006 660 1069 frumentum
679 1027 718 1068 ex
733 1007 909 1090 propinquis
936 1007 1012 1068 loeis
1033 1007 1158 1070 convehi
1180 1004 1305 1087 juberet
1319 1003 1382 1068 Ca·

336 1113 439 1174 puam.
484 1091 650 1171 Hannibal,
670 1090 857 1154 Hannonem
880 1114 922 1154 ex
946 1090 1071 1156 Bruttiis
1099 1113 1168 1154 cum
1188 1091 1325 1154 exercitu
1348 1089 1382 1152 in

269 1251 275 1263 ·
337 1177 539 1262 Campaniam
563 1179 701 1257 transire,
717 1189 750 1241 et
765 1178 838 1241 dare
860 1198 994 1261 opernm,
1009 1190 1044 1240 ut
1066 1179 1206 1240 frumeuti
1220 1178 1311 1262 copia
1323 1176 1397 1238 sse-¹

172 1317 193 1366 c
275 1317 281 1328 .
338 1279 384 1328 ret
410 1264 585 1350 Campanis,
606 1264 710 1346 jussit.
754 1263 881 1343 Hanno,
918 1286 957 1327 ex
984 1263 1111 1328 Bruttiis
1136 1264 1288 1347 proiectus
1307 1282 1381 1327 cnm

171 1331 327 1432 ω’,ῗᾞ
339 1353 485 1430 exercitu,
515 1351 694 1414 vitabundus
735 1363 836 1414 castra
866 1351 999 1414 hostiumn
1011 1381 1020 1392 Δ·
1029 1352 1238 1433 consulesque,
1269 1351 1320 1430 qui
1351 1349 1385 1411 in

170 1449 280 1499 raverit.
339 1437 465 1500 Samnio
495 1449 591 1515 erant,
622 1458 715 1518 quum
743 1435 919 1501 Benevento
942 1438 1010 1522 jam
1040 1437 1303 1520 adpropinquaret,
1325 1436 1397 1500 tria·

338 1546 481 1608 passuum
503 1523 602 1586 millia
623 1526 662 1585 ab
678 1525 744 1606 ipsa
760 1525 833 1588 urbe
857 1526 926 1587 loco
956 1526 1041 1588 edito
1055 1537 1158 1586 casua
1175 1524 1286 1608 posuit.
1311 1523 1384 1586 inde

339 1633 379 1676 ex
397 1611 487 1675 sociis
518 1610 599 1672 circa
623 1611 752 1694 populis,
775 1631 838 1692 quo
852 1622 957 1674 estate
977 1621 1205 1694 comportatum
1227 1621 1303 1688 erat,
1329 1609 1386 1671 de·

338 1697 407 1760 vehi
432 1697 617 1760 frumentum
633 1698 665 1759 in
679 1696 901 1780 castrajuseit3
922 1698 1070 1781 presidiis
1088 1698 1182 1774 datis,
1211 1716 1277 1779 qua
1300 1715 1388 1758 com·

340 1794 458 1846 meatus
484 1805 536 1845 eos
563 1795 826 1866 prosequerentur.
870 1784 1007 1866 Capuam
1029 1784 1102 1846 inde
1124 1783 1271 1846 nundum
1294 1782 1389 1861 misit,

341 1891 401 1954 qua
426 1870 475 1932 die
499 1871 659 1932 incastris
689 1871 730 1932 ad
752 1871 965 1953 accipiendum
986 1871 1174 1934 frumentum
1198 1880 1308 1952 praeto
1336 1889 1387 1930 es-

342 1968 423 2036 sent,
444 1958 527 2020 omni
547 1957 681 2039 undiquc
706 1977 818 2040 genere
834 1958 1041 2020 vehiculorum
1059 1953 1326 2040 jumentorumque
1344 1975 1384 2016 ex

340 2043 601 2128 agriacontracto.
633 2042 670 2105 Id
707 2063 763 2125 pro
802 2055 905 2106 cetera
925 2044 1065 2106 socordia
1093 2043 1343 2126 neglegentiaque
1364 2063 1402 2103 a·

341 2128 506 2211 Campanis
529 2141 642 2190 actum.
669 2130 771 2211 paullo
796 2129 864 2212 plus
890 2129 1262 2213 quadringentrvelricula
1281 2129 1401 2205 missa,-

323 2227 373 2276 .et
403 2236 502 2296 pauca
516 2227 661 2296 praetcrea
671 2213 824 2294 jumenta.
853 2218 893 2278 ob
923 2217 956 2278 id
981 2217 1137 2298 castigatis
1165 2216 1204 2278 ab
1219 2213 1385 2289 Hannone,

340 2299 422 2380 qnod
438 2321 477 2360 ne
497 2299 592 2360 fames
618 2300 751 2380 quidem,
771 2320 837 2380 qua
863 2314 964 2364 mutas
991 2304 1171 2366 accenderet
1190 2302 1316 2378 bestias,
1334 2321 1389 2362 cu·

340 2406 405 2446 ram
423 2406 526 2446 eorum
548 2385 704 2447 stimulare
720 2397 833 2468 posset,
849 2389 942 2451 ⁸¹alia
956 2390 1096 2471 proditae
1117 2390 1183 2451 dies
1198 2388 1239 2450 ad
1254 2388 1389 2450 frumeu-

343 2483 407 2534 tnm
438 2469 552 2552 majore
585 2472 733 2553 adparatu
754 2475 931 2554 petendum.
969 2475 1017 2538 Ea
1050 2477 1165 2553 omnia,
1211 2475 1290 2537 sicut
1318 2485 1403 2536 acta

343 2567 440 2637 eraut,
455 2577 548 2639 quum
570 2558 732 2637 enunciata
760 2557 985 2625 Beneventanis
1006 2574 1118 2642 essent,
1147 2563 1264 2643 legatos
1280 2560 1386 2622 decem

343 2644 497 2726 extemplo
523 2644 560 2705 ad
586 2645 723 2709 consules
753 2645 848 2725 (circa
866 2646 1036 2711 Bovianum
1059 2662 1162 2713 castra
1183 2648 1386 2711 Romanorum

343 2730 441 2809 erant)
460 2730 616 2794 miserunt.
653 2730 713 2802 Qui
726 2752 830 2813 quum,
846 2735 969 2811 auditis,
999 2756 1064 2818 qnae
1092 2736 1133 2798 ad
1155 2735 1289 2817 Capuam
1313 2754 1386 2814 uge-

345 2826 458 2895 rentur,
478 2817 559 2879 inter
585 2838 617 2879 se
636 2828 877 2901 comparmsent,
889 2832 923 2883 ut
937 2820 1015 2883 alter
1036 2823 1067 2883 in
1084 2821 1285 2905 Campaniam
1302 2818 1387 2882 exer-

345 2902 601 2982 citum-duceret;
628 2902 760 2983 Fulvius,
786 2907 834 2967 cni
856 2929 893 2969 en
912 2908 1068 2991 provincia
1089 2910 1267 2986 obvenerat,
1286 2900 1399 2990 ”pro-²

346 2989 453 3068 iectus,
474 3002 566 3054 nocte
581 2988 766 3055 Beneventi‘
788 2994 902 3056 moenia
926 3006 973 3057 est
1002 2996 1163 3077 ingressus.
1191 2994 1242 3056 aar
1266 2995 1392 3077 propin·

346 3086 410 3159 quo
432 3076 601 3158 cognoscit,
622 3074 809 3141 Hannonem
835 3101 904 3143 cum
931 3075 1083 3143 exercitus
1105 3092 1192 3165 parte
1221 3080 1394 3164 profectum

346 3162 586 3227 frumentatum:
629 3185 682 3247 per
718 3178 898 3247 quaestorem
925 3166 1089 3251 Campanis
1119 3168 1226 3230 datum
1257 3167 1392 3229 frumeu-
1468 3218 1475 3228 .

347 3260 432 3311 turm:
464 3250 525 3313 duo
536 3250 634 3313 millia
643 3252 858 3333 plaustrorum,
876 3254 1063 3316 inconditam
1078 3255 1288 3335 inermemque
1303 3254 1394 3315 aliam

346 3337 479 3413 turbam,
500 3338 674 3399 advenisse:
702 3358 757 3419 per
782 3340 945 3401 tumultum
968 3361 1005 3401 ac
1032 3340 1268 3425 trepidationem
1288 3341 1395 3401 omnia

347 3421 408 3503 agi,
424 3433 651 3502 castrorumque
678 3421 807 3485 formam
829 3438 864 3486 et·
882 3425 1046 3489 militarem
1076 3426 1226 3506 ordinem,
1256 3424 1393 3488 inmixtis

347 3508 514 3587 agrestibus
545 3506 582 3568 iis
617 3527 655 3567 ex
690 3509 788 3585 terris,
821 3510 982 3573 sublatum.
1021 3510 1079 3575 llis
1115 3515 1189 3576 satis
1219 3513 1393 3595 compertis,

347 3590 451 3652 consul
477 3591 624 3652 militibus
650 3591 755 3671 edicit,
793 3594 881 3675 signa
916 3607 1036 3659 tantum
1063 3620 1207 3682 armaque
1236 3600 1267 3661 in
1288 3598 1393 3682 proxi-

347 3696 430 3739 mam
455 3686 577 3739 noctem
603 3676 803 3759 expedirent:
827 3694 927 3745 castra
952 3682 1068 3746 Punica
1082 3686 1289 3769 obpugnanda
1315 3678 1402 3748 esse(

348 3764 465 3835 Quarta
485 3762 598 3845 vigilia
616 3763 758 3846 proiecti,
797 3769 922 3831 sar'oinis
954 3771 1095 3833 omnibus
1121 3772 1396 3855 impedimentisque

242 3864 246 3869 ·
348 3848 515 3913 Beneventi
533 3849 658 3929 relictis,
676 3851 780 3933 paullo
795 3865 865 3916 ante
877 3855 975 3918 lucem
996 3878 1087 3939 quum
1113 3860 1152 3921 ad
1176 3871 1275 3921 castra
1289 3866 1395 3942 perie-

349 3936 474 4017 nissent,
496 3946 615 4001 tantum
641 3939 761 4020 pavoris
782 3938 961 4023 injecerunt,
983 3956 1029 4024 nt,
1054 3945 1079 4006 si
1106 3944 1139 4007 in
1175 3945 1267 4030 plnno
1293 3957 1395 4007 castra

454 4080 463 4087 '
476 4076 488 4102 ‘
500 4070 600 4131 ΜΝ
611 4068 684 4119 ⁰⁰²¹·
695 4070 757 4137 Rup.
1011 4076 1022 4111 s
1034 4074 1179 4127 Remurium
1190 4076 1263 4123 Gron-

381 4168 402 4203 ⁸¹
420 4170 567 4235 Aliuprodr'ta
584 4176 858 4241 &centumuirorum
919 4178 944 4215 κ
971 4182 1086 4247 Presserat
1103 4192 1171 4237 aare·
1201 4178 1320 4229 mil
1340 4197 1396 4231 ⁸²-

349 4230 546 4295 redamantem:
567 4244 627 4304 quod
645 4258 725 4291 rerum
744 4255 857 4307 putamus.
888 4246 927 4292 niu
947 4256 978 4294 err
999 4246 1118 4312 ingramo]
1147 4246 1184 4294 Sic
1204 4246 1290 4294 habent
1310 4257 1359 4296 tm
1381 4266 1396 4298 e

350 4292 453 4369 Verbum
471 4303 533 4375 enim
553 4307 598 4353 lroe
609 4308 859 4370 propniumesrdedie
889 4310 977 4372 arripis
997 4315 1088 4372 noerrie,
1112 4314 1158 4362 dno
1180 4308 1318 4360 Bmeoento:
1345 4316 1399 4361 nul·

350 4358 451 4470 lppgrerr
472 4364 539 4415 duma.
572 4369 626 4421 vid.
648 4386 714 4439 supra
736 4373 755 4424 l.
774 4384 815 4427 ιιι.
836 4388 859 4425 e.
890 4373 935 4487 pul
955 4372 1110 4440 Βειευιιιιιιιιι,
1134 4379 1248 4446 qumodo
1276 4379 1301 4427 in
1330 4379 1402 4429 edirir'
