<?xml version="1.0" encoding="UTF-8"?>
<!DOCTYPE html PUBLIC "-//W3C//DTD XHTML 1.0 Transitional//EN"
    "http://www.w3.org/TR/xhtml1/DTD/xhtml1-transitional.dtd">
<html xmlns="http://www.w3.org/1999/xhtml" xml:lang="en" lang="en">
 <head>
  <title>
</title>
<meta http-equiv="Content-Type" content="text/html;charset=utf-8" />
  <meta name='ocr-system' content='tesseract 3.04.00' />
  <meta name='ocr-capabilities' content='ocr_page ocr_carea ocr_par ocr_line ocrx_word'/>
</head>
<body>
  <div class='ocr_page' id='page_1' title='image "./tliviipatavinih01grongoog_0445.png"; bbox 0 0 3092 5200; ppageno 0'>
   <div class='ocr_carea' id='block_1_1' title="bbox 380 340 1245 466">
    <p class='ocr_par' dir='ltr' id='par_1_1' title="bbox 380 340 1245 466">
     <span class='ocr_line' id='line_1_1' title="bbox 380 340 1245 466; baseline 0.005 -10"><span class='ocrx_word' id='word_1_1' title='bbox 380 340 825 456; x_wconf 79' lang='lat' dir='ltr'><strong>·1.rs.xrrvrrrcsa&#39;.ru.</strong></span> <span class='ocrx_word' id='word_1_2' title='bbox 987 370 995 387; x_wconf 61' lang='lat'>⁸</span> <span class='ocrx_word' id='word_1_3' title='bbox 1092 400 1153 466; x_wconf 83' lang='lat' dir='ltr'><strong>or</strong></span> <span class='ocrx_word' id='word_1_4' title='bbox 1238 362 1245 369; x_wconf 74' lang='grc'><strong><em>’</em></strong></span> 
     </span>
    </p>
   </div>
   <div class='ocr_carea' id='block_1_2' title="bbox 57 544 1384 3906">
    <p class='ocr_par' dir='ltr' id='par_1_2' title="bbox 57 544 1337 2439">
     <span class='ocr_line' id='line_1_2' title="bbox 110 544 1337 633; baseline 0.002 -21"><span class='ocrx_word' id='word_1_5' title='bbox 110 548 226 612; x_wconf 88' lang='lat' dir='ltr'><strong>moenis</strong></span> <span class='ocrx_word' id='word_1_6' title='bbox 249 548 407 633; x_wconf 85' lang='lat' dir='ltr'><strong>repentina</strong></span> <span class='ocrx_word' id='word_1_7' title='bbox 427 548 501 631; x_wconf 83' lang='lat' dir='ltr'><strong>iuga</strong></span> <span class='ocrx_word' id='word_1_8' title='bbox 524 549 717 611; x_wconf 58' lang='lat' dir='ltr'><strong>&amp;sererents</strong></span> <span class='ocrx_word' id='word_1_9' title='bbox 749 558 782 611; x_wconf 88' lang='lat' dir='ltr'><strong>et</strong></span> <span class='ocrx_word' id='word_1_10' title='bbox 807 546 952 610; x_wconf 81' lang='lat' dir='ltr'><strong>Punicum</strong></span> <span class='ocrx_word' id='word_1_11' title='bbox 977 550 1148 631; x_wconf 74' lang='lat' dir='ltr'><strong>praesidum</strong></span> <span class='ocrx_word' id='word_1_12' title='bbox 1160 546 1233 607; x_wconf 68' lang='grc' dir='ltr'><strong>Μ’</strong></span> <span class='ocrx_word' id='word_1_13' title='bbox 1244 556 1302 609; x_wconf 80' lang='lat'><strong>⁵⁴⁵·</strong></span> <span class='ocrx_word' id='word_1_14' title='bbox 1316 544 1337 559; x_wconf 79' lang='grc'><em>”</em></span> 
     </span>
     <span class='ocr_line' id='line_1_3' title="bbox 110 618 1321 719; baseline 0.002 -20"><span class='ocrx_word' id='word_1_15' title='bbox 110 646 207 713; x_wconf 87' lang='lat' dir='ltr'><strong>metu,</strong></span> <span class='ocrx_word' id='word_1_16' title='bbox 228 655 269 697; x_wconf 91' lang='lat' dir='ltr'><strong>ne</strong></span> <span class='ocrx_word' id='word_1_17' title='bbox 290 636 413 719; x_wconf 89' lang='lat' dir='ltr'><strong>prodita</strong></span> <span class='ocrx_word' id='word_1_18' title='bbox 434 636 506 697; x_wconf 89' lang='lat' dir='ltr'><strong>urbs</strong></span> <span class='ocrx_word' id='word_1_19' title='bbox 526 646 617 713; x_wconf 89' lang='lat' dir='ltr'><strong>esset,</strong></span> <span class='ocrx_word' id='word_1_20' title='bbox 638 633 750 697; x_wconf 84' lang='lat' dir='ltr'><strong>relictis</strong></span> <span class='ocrx_word' id='word_1_21' title='bbox 764 632 945 696; x_wconf 84' lang='lat' dir='ltr'><strong>stationibus</strong></span> <span class='ocrx_word' id='word_1_22' title='bbox 960 634 993 695; x_wconf 90' lang='lat' dir='ltr'><strong>in</strong></span> <span class='ocrx_word' id='word_1_23' title='bbox 1007 656 1101 699; x_wconf 90' lang='lat' dir='ltr'><strong>unum</strong></span> <span class='ocrx_word' id='word_1_24' title='bbox 1115 618 1321 701; x_wconf 40' lang='lat' dir='ltr'><strong>&amp;fimf</strong></span> 
     </span>
     <span class='ocr_line' id='line_1_4' title="bbox 111 719 1148 803; baseline 0.003 -20"><span class='ocrx_word' id='word_1_25' title='bbox 111 722 281 803; x_wconf 87' lang='lat' dir='ltr'><strong>colligeret.</strong></span> <span class='ocrx_word' id='word_1_26' title='bbox 323 720 430 784; x_wconf 81' lang='lat' dir='ltr'><strong>&#39;limor</strong></span> <span class='ocrx_word' id='word_1_27' title='bbox 449 721 521 782; x_wconf 91' lang='lat' dir='ltr'><strong>inde</strong></span> <span class='ocrx_word' id='word_1_28' title='bbox 536 720 705 803; x_wconf 85' lang='lat' dir='ltr'><strong>oppidanos</strong></span> <span class='ocrx_word' id='word_1_29' title='bbox 719 719 854 799; x_wconf 73' lang='lat' dir='ltr'>incessit,</span> <span class='ocrx_word' id='word_1_30' title='bbox 876 738 925 799; x_wconf 90' lang='lat' dir='ltr'><strong>ne,</strong></span> <span class='ocrx_word' id='word_1_31' title='bbox 947 720 972 782; x_wconf 93' lang='lat' dir='ltr'><strong>si</strong></span> <span class='ocrx_word' id='word_1_32' title='bbox 988 721 1084 784; x_wconf 86' lang='lat' dir='ltr'><strong>hostis</strong></span> <span class='ocrx_word' id='word_1_33' title='bbox 1096 732 1148 786; x_wconf 83' lang='lat' dir='ltr'><strong>rtr-</strong></span> 
     </span>
     <span class='ocr_line' id='line_1_5' title="bbox 110 802 1149 890; baseline 0.002 -21"><span class='ocrx_word' id='word_1_34' title='bbox 110 809 182 869; x_wconf 88' lang='lat' dir='ltr'><strong>bern</strong></span> <span class='ocrx_word' id='word_1_35' title='bbox 205 808 358 886; x_wconf 84' lang='lat' dir='ltr'><strong>intrasset,</strong></span> <span class='ocrx_word' id='word_1_36' title='bbox 380 807 446 871; x_wconf 90' lang='lat' dir='ltr'><strong>sine</strong></span> <span class='ocrx_word' id='word_1_37' title='bbox 470 805 655 886; x_wconf 87' lang='lat' dir='ltr'><strong>discrimine,</strong></span> <span class='ocrx_word' id='word_1_38' title='bbox 682 806 791 869; x_wconf 83' lang='lat' dir='ltr'><strong>Poenrrs</strong></span> <span class='ocrx_word' id='word_1_39' title='bbox 814 826 853 868; x_wconf 87' lang='lat' dir='ltr'><strong>arr</strong></span> <span class='ocrx_word' id='word_1_40' title='bbox 877 802 1032 890; x_wconf 85' lang='lat' dir='ltr'><strong>Hispanus</strong></span> <span class='ocrx_word' id='word_1_41' title='bbox 1057 820 1149 888; x_wconf 82' lang='lat' dir='ltr'><strong>esset,</strong></span> 
     </span>
     <span class='ocr_line' id='line_1_6' title="bbox 110 892 1149 977; baseline 0 -23"><span class='ocrx_word' id='word_1_42' title='bbox 110 893 193 955; x_wconf 81' lang='lat' dir='ltr'><strong>obvii</strong></span> <span class='ocrx_word' id='word_1_43' title='bbox 216 894 329 977; x_wconf 85' lang='lat' dir='ltr'><strong>passim</strong></span> <span class='ocrx_word' id='word_1_44' title='bbox 351 893 544 956; x_wconf 82' lang='lat' dir='ltr'><strong>crederentur.</strong></span> <span class='ocrx_word' id='word_1_45' title='bbox 568 893 721 975; x_wconf 72' lang='lat' dir='ltr'><strong>ursaque,</strong></span> <span class='ocrx_word' id='word_1_46' title='bbox 743 892 898 975; x_wconf 78' lang='lat' dir='ltr'><strong>patefacta</strong></span> <span class='ocrx_word' id='word_1_47' title='bbox 912 903 1035 975; x_wconf 86' lang='lat' dir='ltr'><strong>repente</strong></span> <span class='ocrx_word' id='word_1_48' title='bbox 1049 904 1149 976; x_wconf 87' lang='lat' dir='ltr'><strong>porta,</strong></span> 
     </span>
     <span class='ocr_line' id='line_1_7' title="bbox 111 977 1148 1063; baseline 0.003 -24"><span class='ocrx_word' id='word_1_49' title='bbox 111 978 283 1063; x_wconf 78' lang='lat' dir='ltr'><strong>frequentes</strong></span> <span class='ocrx_word' id='word_1_50' title='bbox 307 1000 346 1041; x_wconf 86' lang='lat' dir='ltr'><strong>ex</strong></span> <span class='ocrx_word' id='word_1_51' title='bbox 369 978 484 1061; x_wconf 90' lang='lat' dir='ltr'><strong>oppido</strong></span> <span class='ocrx_word' id='word_1_52' title='bbox 506 998 573 1040; x_wconf 87' lang='lat' dir='ltr'><strong>sese</strong></span> <span class='ocrx_word' id='word_1_53' title='bbox 595 977 762 1060; x_wconf 86' lang='lat' dir='ltr'><strong>ejecerunt,</strong></span> <span class='ocrx_word' id='word_1_54' title='bbox 777 988 863 1039; x_wconf 87' lang='lat' dir='ltr'><strong>scuta</strong></span> <span class='ocrx_word' id='word_1_55' title='bbox 877 997 938 1060; x_wconf 76' lang='lat' dir='ltr'><strong>prae</strong></span> <span class='ocrx_word' id='word_1_56' title='bbox 952 998 985 1039; x_wconf 90' lang='lat' dir='ltr'><strong>se</strong></span> <span class='ocrx_word' id='word_1_57' title='bbox 1000 988 1148 1059; x_wconf 83' lang='lat' dir='ltr'><strong>tenentes,</strong></span> 
     </span>
     <span class='ocr_line' id='line_1_8' title="bbox 109 1063 1197 1151; baseline 0.001 -24"><span class='ocrx_word' id='word_1_58' title='bbox 109 1085 151 1127; x_wconf 87' lang='lat' dir='ltr'><strong>ue</strong></span> <span class='ocrx_word' id='word_1_59' title='bbox 175 1066 239 1151; x_wconf 86' lang='lat' dir='ltr'><strong>tela</strong></span> <span class='ocrx_word' id='word_1_60' title='bbox 259 1066 364 1149; x_wconf 87' lang='lat' dir='ltr'><strong>procul</strong></span> <span class='ocrx_word' id='word_1_61' title='bbox 384 1063 623 1146; x_wconf 68' lang='lat' dir='ltr'><strong>conjicerennrrs</strong></span> <span class='ocrx_word' id='word_1_62' title='bbox 646 1063 768 1126; x_wconf 84' lang='lat' dir='ltr'><strong>dextras</strong></span> <span class='ocrx_word' id='word_1_63' title='bbox 783 1064 881 1126; x_wconf 88' lang='lat' dir='ltr'><strong>nudas</strong></span> <span class='ocrx_word' id='word_1_64' title='bbox 896 1074 1092 1144; x_wconf 71' lang='lat' dir='ltr'><strong>ostentantes,</strong></span> <span class='ocrx_word' id='word_1_65' title='bbox 1114 1078 1150 1128; x_wconf 84' lang='lat' dir='ltr'><strong>ut</strong></span> <span class='ocrx_word' id='word_1_66' title='bbox 1196 1082 1197 1085; x_wconf 73' lang='grc'>’</span> 
     </span>
     <span class='ocr_line' id='line_1_9' title="bbox 108 1150 1151 1235; baseline 0.003 -24"><span class='ocrx_word' id='word_1_67' title='bbox 108 1150 229 1232; x_wconf 79' lang='lat' dir='ltr'><strong>gladios</strong></span> <span class='ocrx_word' id='word_1_68' title='bbox 244 1150 390 1233; x_wconf 86' lang='lat' dir='ltr'><strong>abjecisse</strong></span> <span class='ocrx_word' id='word_1_69' title='bbox 404 1151 574 1233; x_wconf 77' lang='lat' dir='ltr'><strong>adpareret.</strong></span> <span class='ocrx_word' id='word_1_70' title='bbox 593 1151 627 1212; x_wconf 92' lang='lat' dir='ltr'><strong>id</strong></span> <span class='ocrx_word' id='word_1_71' title='bbox 639 1165 741 1213; x_wconf 90' lang='lat' dir='ltr'><strong>utrum</strong></span> <span class='ocrx_word' id='word_1_72' title='bbox 757 1154 873 1235; x_wconf 62' lang='lat' dir='ltr'><strong>parurn*</strong></span> <span class='ocrx_word' id='word_1_73' title='bbox 885 1170 924 1213; x_wconf 83' lang='lat' dir='ltr'><strong>ex</strong></span> <span class='ocrx_word' id='word_1_74' title='bbox 938 1151 1094 1214; x_wconf 82' lang='lat' dir='ltr'><strong>intervallo</strong></span> <span class='ocrx_word' id='word_1_75' title='bbox 1109 1152 1151 1214; x_wconf 89' lang='lat' dir='ltr'><strong>sit</strong></span> 
     </span>
     <span class='ocr_line' id='line_1_10' title="bbox 109 1236 1151 1321; baseline 0.003 -24"><span class='ocrx_word' id='word_1_76' title='bbox 109 1237 318 1321; x_wconf 73' lang='lat' dir='ltr'><strong>conspectum,</strong></span> <span class='ocrx_word' id='word_1_77' title='bbox 340 1258 381 1299; x_wconf 86' lang='lat' dir='ltr'><strong>sn</strong></span> <span class='ocrx_word' id='word_1_78' title='bbox 403 1238 490 1299; x_wconf 90' lang='lat' dir='ltr'><strong>dolus</strong></span> <span class='ocrx_word' id='word_1_79' title='bbox 507 1236 615 1318; x_wconf 86' lang='lat' dir='ltr'><strong>aliquis</strong></span> <span class='ocrx_word' id='word_1_80' title='bbox 629 1246 786 1319; x_wconf 81' lang='lat' dir='ltr'><strong>suspectus</strong></span> <span class='ocrx_word' id='word_1_81' title='bbox 802 1236 903 1315; x_wconf 84' lang='lat' dir='ltr'><strong>fucrit,</strong></span> <span class='ocrx_word' id='word_1_82' title='bbox 925 1237 1151 1319; x_wconf 83' lang='lat' dir='ltr'><strong>incompertum</strong></span> 
     </span>
     <span class='ocr_line' id='line_1_11' title="bbox 108 1320 1276 1411; baseline -0.001 -27"><span class='ocrx_word' id='word_1_83' title='bbox 108 1332 166 1384; x_wconf 78' lang='lat' dir='ltr'><strong>est.</strong></span> <span class='ocrx_word' id='word_1_84' title='bbox 221 1320 345 1407; x_wconf 90' lang='lat' dir='ltr'><strong>Inpctus</strong></span> <span class='ocrx_word' id='word_1_85' title='bbox 370 1322 488 1385; x_wconf 88' lang='lat' dir='ltr'><strong>hostilis</strong></span> <span class='ocrx_word' id='word_1_86' title='bbox 506 1323 538 1384; x_wconf 92' lang='lat' dir='ltr'><strong>in</strong></span> <span class='ocrx_word' id='word_1_87' title='bbox 564 1324 736 1405; x_wconf 80' lang='lat' dir='ltr'><strong>transfugas</strong></span> <span class='ocrx_word' id='word_1_88' title='bbox 760 1322 884 1386; x_wconf 66' lang='lat' dir='ltr'><strong>bonust</strong></span> <span class='ocrx_word' id='word_1_89' title='bbox 920 1326 946 1362; x_wconf 83' lang='lat'><strong>¹⁴</strong></span> <span class='ocrx_word' id='word_1_90' title='bbox 967 1344 1023 1385; x_wconf 86' lang='lat' dir='ltr'><strong>nec</strong></span> <span class='ocrx_word' id='word_1_91' title='bbox 1052 1342 1148 1402; x_wconf 86' lang='lat' dir='ltr'><strong>secus,</strong></span> <span class='ocrx_word' id='word_1_92' title='bbox 1160 1330 1276 1411; x_wconf 58' lang='lat' dir='ltr'><strong>otinga·</strong></span> 
     </span>
     <span class='ocr_line' id='line_1_12' title="bbox 109 1396 1306 1492; baseline 0.004 -22"><span class='ocrx_word' id='word_1_93' title='bbox 109 1426 202 1490; x_wconf 87' lang='lat' dir='ltr'><strong>quam</strong></span> <span class='ocrx_word' id='word_1_94' title='bbox 222 1410 348 1471; x_wconf 78' lang='lat' dir='ltr'><strong>adversa</strong></span> <span class='ocrx_word' id='word_1_95' title='bbox 365 1410 456 1485; x_wconf 88' lang='lat' dir='ltr'><strong>acies,</strong></span> <span class='ocrx_word' id='word_1_96' title='bbox 471 1410 551 1471; x_wconf 77' lang='lat' dir='ltr'><strong>cesi.</strong></span> <span class='ocrx_word' id='word_1_97' title='bbox 593 1407 770 1491; x_wconf 84' lang='lat' dir='ltr'><strong>Eademque</strong></span> <span class='ocrx_word' id='word_1_98' title='bbox 782 1420 873 1492; x_wconf 84' lang='lat' dir='ltr'><strong>porte</strong></span> <span class='ocrx_word' id='word_1_99' title='bbox 886 1408 973 1492; x_wconf 88' lang='lat' dir='ltr'><strong>sigua</strong></span> <span class='ocrx_word' id='word_1_100' title='bbox 988 1408 1102 1473; x_wconf 86' lang='lat' dir='ltr'><strong>infesta</strong></span> <span class='ocrx_word' id='word_1_101' title='bbox 1116 1410 1148 1475; x_wconf 86' lang='lat' dir='ltr'><strong>iu</strong></span> <span class='ocrx_word' id='word_1_102' title='bbox 1160 1396 1188 1446; x_wconf 75' lang='lat'><strong>¹⁴·</strong></span> <span class='ocrx_word' id='word_1_103' title='bbox 1199 1397 1306 1464; x_wconf 55' lang='lat' dir='ltr'><strong>&amp;W</strong></span> 
     </span>
     <span class='ocr_line' id='line_1_13' title="bbox 109 1474 1233 1579; baseline 0.003 -22"><span class='ocrx_word' id='word_1_104' title='bbox 109 1496 216 1557; x_wconf 88' lang='lat' dir='ltr'><strong>urbem</strong></span> <span class='ocrx_word' id='word_1_105' title='bbox 235 1495 351 1558; x_wconf 76' lang='lat' dir='ltr'><strong>inlatas</strong></span> <span class='ocrx_word' id='word_1_106' title='bbox 373 1506 406 1557; x_wconf 89' lang='lat' dir='ltr'><strong>et</strong></span> <span class='ocrx_word' id='word_1_107' title='bbox 420 1494 487 1556; x_wconf 88' lang='lat' dir='ltr'><strong>aliis</strong></span> <span class='ocrx_word' id='word_1_108' title='bbox 505 1494 642 1579; x_wconf 89' lang='lat' dir='ltr'><strong>partibus</strong></span> <span class='ocrx_word' id='word_1_109' title='bbox 664 1494 818 1557; x_wconf 76' lang='lat' dir='ltr'>securibus</span> <span class='ocrx_word' id='word_1_110' title='bbox 840 1494 1030 1578; x_wconf 75' lang='lat' dir='ltr'><strong>dolabrisque</strong></span> <span class='ocrx_word' id='word_1_111' title='bbox 1050 1496 1148 1559; x_wconf 79' lang='lat' dir='ltr'><strong>cade·</strong></span> <span class='ocrx_word' id='word_1_112' title='bbox 1160 1474 1233 1530; x_wconf 64' lang='lat'><strong>‘¹⁹¹²&#39;</strong></span> 
     </span>
     <span class='ocr_line' id='line_1_14' title="bbox 111 1568 1150 1677; baseline 0.003 -35"><span class='ocrx_word' id='word_1_113' title='bbox 111 1568 277 1643; x_wconf 83' lang='lat' dir='ltr'><strong>bantur‘et</strong></span> <span class='ocrx_word' id='word_1_114' title='bbox 297 1580 564 1663; x_wconf 77' lang='lat' dir='ltr'><strong>refringebantur·</strong></span> <span class='ocrx_word' id='word_1_115' title='bbox 591 1586 696 1663; x_wconf 78' lang='lat' dir='ltr'><strong>portia,</strong></span> <span class='ocrx_word' id='word_1_116' title='bbox 717 1591 761 1658; x_wconf 91' lang='lat' dir='ltr'><strong>et,</strong></span> <span class='ocrx_word' id='word_1_117' title='bbox 782 1592 817 1642; x_wconf 91' lang='lat' dir='ltr'><strong>ut</strong></span> <span class='ocrx_word' id='word_1_118' title='bbox 834 1582 960 1677; x_wconf 87' lang='lat' dir='ltr'><strong>quisque</strong></span> <span class='ocrx_word' id='word_1_119' title='bbox 975 1581 1150 1645; x_wconf 75' lang='lat' dir='ltr'><strong>‘intraverat</strong></span> 
     </span>
     <span class='ocr_line' id='line_1_15' title="bbox 109 1667 1144 1751; baseline 0.002 -22"><span class='ocrx_word' id='word_1_120' title='bbox 109 1686 212 1750; x_wconf 83' lang='lat' dir='ltr'><strong>eques,</strong></span> <span class='ocrx_word' id='word_1_121' title='bbox 243 1668 282 1728; x_wconf 91' lang='lat' dir='ltr'><strong>ad</strong></span> <span class='ocrx_word' id='word_1_122' title='bbox 307 1667 405 1729; x_wconf 85' lang='lat' dir='ltr'><strong>iorum</strong></span> <span class='ocrx_word' id='word_1_123' title='bbox 427 1668 637 1749; x_wconf 87' lang='lat' dir='ltr'><strong>occupandum</strong></span> <span class='ocrx_word' id='word_1_124' title='bbox 664 1667 723 1746; x_wconf 83' lang='lat' dir='ltr'><strong>(ita</strong></span> <span class='ocrx_word' id='word_1_125' title='bbox 747 1667 828 1728; x_wconf 87' lang='lat' dir='ltr'><strong>enim</strong></span> <span class='ocrx_word' id='word_1_126' title='bbox 852 1678 1035 1751; x_wconf 78' lang='lat' dir='ltr'><strong>praeceptum</strong></span> <span class='ocrx_word' id='word_1_127' title='bbox 1065 1669 1144 1749; x_wconf 86' lang='lat' dir='ltr'><strong>erat)</strong></span> 
     </span>
     <span class='ocr_line' id='line_1_16' title="bbox 108 1752 1148 1839; baseline 0.002 -24"><span class='ocrx_word' id='word_1_128' title='bbox 108 1752 207 1815; x_wconf 77' lang='lat' dir='ltr'><strong>&#39;citato</strong></span> <span class='ocrx_word' id='word_1_129' title='bbox 221 1772 299 1837; x_wconf 88' lang='lat' dir='ltr'><strong>equo</strong></span> <span class='ocrx_word' id='word_1_130' title='bbox 314 1754 469 1835; x_wconf 84' lang='lat' dir='ltr'><strong>pergebat.</strong></span> <span class='ocrx_word' id='word_1_131' title='bbox 490 1753 638 1815; x_wconf 76' lang='lat' dir='ltr'><strong>Additum</strong></span> <span class='ocrx_word' id='word_1_132' title='bbox 652 1763 718 1815; x_wconf 89' lang='lat' dir='ltr'><strong>erat</strong></span> <span class='ocrx_word' id='word_1_133' title='bbox 732 1764 765 1815; x_wconf 87' lang='lat' dir='ltr'><strong>et</strong></span> <span class='ocrx_word' id='word_1_134' title='bbox 779 1752 949 1815; x_wconf 72' lang='lat' dir='ltr'><strong>triariorum</strong></span> <span class='ocrx_word' id='word_1_135' title='bbox 965 1754 1058 1836; x_wconf 90' lang='lat' dir='ltr'><strong>equiti</strong></span> <span class='ocrx_word' id='word_1_136' title='bbox 1073 1774 1148 1839; x_wconf 72' lang='lat' dir='ltr'><strong>pra-</strong></span> 
     </span>
     <span class='ocr_line' id='line_1_17' title="bbox 111 1833 1150 1922; baseline 0.006 -24"><span class='ocrx_word' id='word_1_137' title='bbox 111 1838 234 1901; x_wconf 87' lang='lat' dir='ltr'><strong>sidium.</strong></span> <span class='ocrx_word' id='word_1_138' title='bbox 261 1840 422 1921; x_wconf 80' lang='lat' dir='ltr'><strong>legionarii</strong></span> <span class='ocrx_word' id='word_1_139' title='bbox 437 1850 553 1901; x_wconf 87' lang='lat' dir='ltr'><strong>ceteras</strong></span> <span class='ocrx_word' id='word_1_140' title='bbox 576 1850 678 1921; x_wconf 79' lang='lat' dir='ltr'><strong>partes</strong></span> <span class='ocrx_word' id='word_1_141' title='bbox 703 1833 890 1921; x_wconf 74' lang='lat' dir='ltr'><strong>peivaduntr</strong></span> <span class='ocrx_word' id='word_1_142' title='bbox 924 1839 1094 1922; x_wconf 84' lang='lat' dir='ltr'><strong>direptione</strong></span> <span class='ocrx_word' id='word_1_143' title='bbox 1116 1852 1150 1903; x_wconf 87' lang='lat' dir='ltr'><strong>et</strong></span> 
     </span>
     <span class='ocr_line' id='line_1_18' title="bbox 110 1924 1148 2010; baseline 0.004 -24"><span class='ocrx_word' id='word_1_144' title='bbox 110 1924 193 1987; x_wconf 81' lang='lat' dir='ltr'><strong>crede</strong></span> <span class='ocrx_word' id='word_1_145' title='bbox 216 1926 384 2005; x_wconf 81' lang='lat' dir='ltr'><strong>obviorum,</strong></span> <span class='ocrx_word' id='word_1_146' title='bbox 406 1926 463 1987; x_wconf 91' lang='lat' dir='ltr'><strong>nisi</strong></span> <span class='ocrx_word' id='word_1_147' title='bbox 486 1926 537 2010; x_wconf 88' lang='lat' dir='ltr'><strong>qni</strong></span> <span class='ocrx_word' id='word_1_148' title='bbox 564 1924 655 1986; x_wconf 88' lang='lat' dir='ltr'><strong>armis</strong></span> <span class='ocrx_word' id='word_1_149' title='bbox 679 1945 712 1987; x_wconf 87' lang='lat' dir='ltr'><strong>sc</strong></span> <span class='ocrx_word' id='word_1_150' title='bbox 732 1926 904 2004; x_wconf 88' lang='lat' dir='ltr'><strong>tuebantur,</strong></span> <span class='ocrx_word' id='word_1_151' title='bbox 926 1926 1148 1998; x_wconf 79' lang='lat' dir='ltr'><strong>abstinuerunt.</strong></span> 
     </span>
     <span class='ocr_line' id='line_1_19' title="bbox 111 2008 1149 2097; baseline 0.004 -26"><span class='ocrx_word' id='word_1_152' title='bbox 111 2008 383 2093; x_wconf 74' lang='lat' dir='ltr'><strong>Karthaginienses</strong></span> <span class='ocrx_word' id='word_1_153' title='bbox 396 2030 502 2073; x_wconf 88' lang='lat' dir='ltr'><strong>omnes</strong></span> <span class='ocrx_word' id='word_1_154' title='bbox 524 2011 556 2072; x_wconf 92' lang='lat' dir='ltr'><strong>in</strong></span> <span class='ocrx_word' id='word_1_155' title='bbox 580 2011 749 2073; x_wconf 71' lang='lat' dir='ltr'><strong>cutodiam</strong></span> <span class='ocrx_word' id='word_1_156' title='bbox 770 2010 836 2075; x_wconf 88' lang='lat' dir='ltr'><strong>dati</strong></span> <span class='ocrx_word' id='word_1_157' title='bbox 859 2023 951 2073; x_wconf 82' lang='lat' dir='ltr'><strong>sunt:</strong></span> <span class='ocrx_word' id='word_1_158' title='bbox 978 2012 1149 2097; x_wconf 86' lang='lat' dir='ltr'><strong>oppidano·</strong></span> 
     </span>
     <span class='ocr_line' id='line_1_20' title="bbox 57 2096 1151 2181; baseline 0.004 -24"><span class='ocrx_word' id='word_1_159' title='bbox 57 2163 59 2168; x_wconf 59' lang='grc'>,</span> <span class='ocrx_word' id='word_1_160' title='bbox 110 2115 177 2158; x_wconf 87' lang='lat' dir='ltr'><strong>ram</strong></span> <span class='ocrx_word' id='word_1_161' title='bbox 200 2118 320 2180; x_wconf 89' lang='lat' dir='ltr'><strong>quoquc</strong></span> <span class='ocrx_word' id='word_1_162' title='bbox 345 2098 473 2161; x_wconf 82' lang='lat' dir='ltr'><strong>trecenti</strong></span> <span class='ocrx_word' id='word_1_163' title='bbox 496 2096 601 2174; x_wconf 78' lang='lat' dir='ltr'><strong>ferme,</strong></span> <span class='ocrx_word' id='word_1_164' title='bbox 628 2096 680 2178; x_wconf 93' lang='lat' dir='ltr'><strong>qui</strong></span> <span class='ocrx_word' id='word_1_165' title='bbox 709 2097 880 2159; x_wconf 84' lang='lat' dir='ltr'><strong>clauserant</strong></span> <span class='ocrx_word' id='word_1_166' title='bbox 904 2108 1017 2181; x_wconf 89' lang='lat' dir='ltr'><strong>portas.</strong></span> <span class='ocrx_word' id='word_1_167' title='bbox 1042 2098 1151 2161; x_wconf 87' lang='lat' dir='ltr'><strong>ceteris</strong></span> 
     </span>
     <span class='ocr_line' id='line_1_21' title="bbox 109 2181 1149 2273; baseline 0 -28"><span class='ocrx_word' id='word_1_168' title='bbox 109 2182 255 2245; x_wconf 85' lang='lat' dir='ltr'><strong>traditum</strong></span> <span class='ocrx_word' id='word_1_169' title='bbox 277 2184 435 2267; x_wconf 89' lang='lat' dir='ltr'><strong>oppidum,</strong></span> <span class='ocrx_word' id='word_1_170' title='bbox 454 2203 515 2245; x_wconf 76' lang='lat' dir='ltr'><strong>sua</strong></span> <span class='ocrx_word' id='word_1_171' title='bbox 534 2183 662 2245; x_wconf 78' lang='lat' dir='ltr'><strong>reddita</strong></span> <span class='ocrx_word' id='word_1_172' title='bbox 676 2204 740 2244; x_wconf 77' lang='lat' dir='ltr'><strong>res.</strong></span> <span class='ocrx_word' id='word_1_173' title='bbox 779 2181 925 2257; x_wconf 83' lang='lat' dir='ltr'><strong>Cecidere</strong></span> <span class='ocrx_word' id='word_1_174' title='bbox 941 2184 973 2244; x_wconf 93' lang='lat' dir='ltr'><strong>irr</strong></span> <span class='ocrx_word' id='word_1_175' title='bbox 988 2184 1069 2247; x_wconf 87' lang='lat' dir='ltr'><strong>urbis</strong></span> <span class='ocrx_word' id='word_1_176' title='bbox 1085 2182 1149 2273; x_wconf 84' lang='lat' dir='ltr'><strong>ejus</strong></span> 
     </span>
     <span class='ocr_line' id='line_1_22' title="bbox 109 2268 1149 2352; baseline 0 -21"><span class='ocrx_word' id='word_1_177' title='bbox 109 2270 335 2352; x_wconf 78' lang='lat' dir='ltr'><strong>obpugnatione</strong></span> <span class='ocrx_word' id='word_1_178' title='bbox 349 2270 482 2332; x_wconf 90' lang='lat' dir='ltr'><strong>hostiurn</strong></span> <span class='ocrx_word' id='word_1_179' title='bbox 497 2269 558 2330; x_wconf 92' lang='lat' dir='ltr'><strong>duo</strong></span> <span class='ocrx_word' id='word_1_180' title='bbox 573 2268 669 2330; x_wconf 86' lang='lat' dir='ltr'><strong>millia</strong></span> <span class='ocrx_word' id='word_1_181' title='bbox 688 2268 783 2331; x_wconf 75' lang='lat' dir='ltr'><strong>ferme</strong></span> <span class='ocrx_word' id='word_1_182' title='bbox 796 2291 807 2347; x_wconf 77' lang='lat'><em>3</em></span> <span class='ocrx_word' id='word_1_183' title='bbox 842 2268 1048 2332; x_wconf 86' lang='lat' dir='ltr'><strong>Romanorum</strong></span> <span class='ocrx_word' id='word_1_184' title='bbox 1066 2270 1149 2332; x_wconf 86' lang='lat' dir='ltr'><strong>haud</strong></span> 
     </span>
     <span class='ocr_line' id='line_1_23' title="bbox 111 2356 629 2439; baseline 0.004 -23"><span class='ocrx_word' id='word_1_185' title='bbox 111 2356 263 2437; x_wconf 74' lang='lat' dir='ltr'><strong>amplius¹</strong></span> <span class='ocrx_word' id='word_1_186' title='bbox 281 2356 457 2439; x_wconf 83' lang='lat' dir='ltr'><strong>nonaginta.</strong></span> <span class='ocrx_word' id='word_1_187' title='bbox 573 2386 579 2397; x_wconf 86' lang='lat'><strong>·</strong></span> <span class='ocrx_word' id='word_1_188' title='bbox 624 2382 629 2393; x_wconf 91' lang='lat'><strong>·</strong></span> 
     </span>
    </p>

    <p class='ocr_par' dir='ltr' id='par_1_3' title="bbox 108 2438 1384 3906">
     <span class='ocr_line' id='line_1_24' title="bbox 154 2438 1149 2527; baseline 0.001 -24"><span class='ocrx_word' id='word_1_189' title='bbox 154 2438 209 2503; x_wconf 88' lang='lat' dir='ltr'><strong>lv.</strong></span> <span class='ocrx_word' id='word_1_190' title='bbox 231 2441 315 2505; x_wconf 69' lang='lat' dir='ltr'><strong>loeta</strong></span> <span class='ocrx_word' id='word_1_191' title='bbox 328 2454 361 2505; x_wconf 88' lang='lat' dir='ltr'><strong>ct</strong></span> <span class='ocrx_word' id='word_1_192' title='bbox 376 2443 460 2525; x_wconf 89' lang='lat' dir='ltr'><strong>ipsis,</strong></span> <span class='ocrx_word' id='word_1_193' title='bbox 478 2440 529 2524; x_wconf 92' lang='lat' dir='ltr'><strong>qui</strong></span> <span class='ocrx_word' id='word_1_194' title='bbox 550 2462 613 2503; x_wconf 89' lang='lat' dir='ltr'><strong>rem</strong></span> <span class='ocrx_word' id='word_1_195' title='bbox 633 2461 763 2525; x_wconf 80' lang='lat' dir='ltr'><strong>gessere,</strong></span> <span class='ocrx_word' id='word_1_196' title='bbox 783 2442 865 2505; x_wconf 85' lang='lat' dir='ltr'><strong>urbis</strong></span> <span class='ocrx_word' id='word_1_197' title='bbox 883 2441 947 2525; x_wconf 89' lang='lat' dir='ltr'><strong>ejus</strong></span> <span class='ocrx_word' id='word_1_198' title='bbox 962 2440 1149 2527; x_wconf 85' lang='lat' dir='ltr'><strong>expugnatio</strong></span> 
     </span>
     <span class='ocr_line' id='line_1_25' title="bbox 108 2527 1147 2616; baseline 0.003 -27"><span class='ocrx_word' id='word_1_199' title='bbox 108 2527 177 2608; x_wconf 79' lang='lat' dir='ltr'><strong>fnit,</strong></span> <span class='ocrx_word' id='word_1_200' title='bbox 190 2538 222 2590; x_wconf 87' lang='lat' dir='ltr'><strong>et</strong></span> <span class='ocrx_word' id='word_1_201' title='bbox 240 2530 415 2614; x_wconf 89' lang='lat' dir='ltr'><strong>imperatori</strong></span> <span class='ocrx_word' id='word_1_202' title='bbox 437 2540 597 2612; x_wconf 83' lang='lat' dir='ltr'><strong>ceteroque</strong></span> <span class='ocrx_word' id='word_1_203' title='bbox 612 2528 775 2606; x_wconf 79' lang='lat' dir='ltr'><strong>exercitui3</strong></span> <span class='ocrx_word' id='word_1_204' title='bbox 798 2541 831 2592; x_wconf 91' lang='lat' dir='ltr'><strong>et</strong></span> <span class='ocrx_word' id='word_1_205' title='bbox 845 2530 1014 2616; x_wconf 88' lang='lat' dir='ltr'><strong>speciosum</strong></span> <span class='ocrx_word' id='word_1_206' title='bbox 1035 2532 1147 2592; x_wconf 80' lang='lat' dir='ltr'><strong>adven-</strong></span> 
     </span>
     <span class='ocr_line' id='line_1_26' title="bbox 109 2615 1147 2700; baseline 0.003 -24"><span class='ocrx_word' id='word_1_207' title='bbox 109 2624 174 2677; x_wconf 86' lang='lat' dir='ltr'><strong>tum</strong></span> <span class='ocrx_word' id='word_1_208' title='bbox 200 2635 299 2695; x_wconf 88' lang='lat' dir='ltr'><strong>snum,</strong></span> <span class='ocrx_word' id='word_1_209' title='bbox 329 2615 485 2699; x_wconf 88' lang='lat' dir='ltr'><strong>ingentem</strong></span> <span class='ocrx_word' id='word_1_210' title='bbox 507 2617 625 2679; x_wconf 88' lang='lat' dir='ltr'><strong>turbam</strong></span> <span class='ocrx_word' id='word_1_211' title='bbox 650 2617 839 2700; x_wconf 81' lang='lat' dir='ltr'><strong>captivorum</strong></span> <span class='ocrx_word' id='word_1_212' title='bbox 865 2637 926 2699; x_wconf 80' lang='lat' dir='ltr'><strong>prae</strong></span> <span class='ocrx_word' id='word_1_213' title='bbox 951 2637 984 2679; x_wconf 90' lang='lat' dir='ltr'><strong>se</strong></span> <span class='ocrx_word' id='word_1_214' title='bbox 1010 2628 1147 2700; x_wconf 90' lang='lat' dir='ltr'><strong>agentes,</strong></span> 
     </span>
     <span class='ocr_line' id='line_1_27' title="bbox 109 2700 1328 2788; baseline 0.007 -27"><span class='ocrx_word' id='word_1_215' title='bbox 109 2701 255 2766; x_wconf 82' lang='lat' dir='ltr'><strong>iecerunt.</strong></span> <span class='ocrx_word' id='word_1_216' title='bbox 301 2700 417 2786; x_wconf 89' lang='lat' dir='ltr'><strong>Scipio,</strong></span> <span class='ocrx_word' id='word_1_217' title='bbox 439 2701 624 2765; x_wconf 85' lang='lat' dir='ltr'><strong>conlaudato</strong></span> <span class='ocrx_word' id='word_1_218' title='bbox 643 2701 1274 2788; x_wconf 76' lang='lat' dir='ltr'><strong>iratre,quum,quantopoterat1.8elpto</strong></span> <span class='ocrx_word' id='word_1_219' title='bbox 1326 2769 1328 2774; x_wconf 86' lang='grc'>,</span> 
     </span>
     <span class='ocr_line' id='line_1_28' title="bbox 108 2785 1332 2872; baseline 0.007 -26"><span class='ocrx_word' id='word_1_220' title='bbox 108 2789 266 2851; x_wconf 78' lang='lat' dir='ltr'><strong>verborum</strong></span> <span class='ocrx_word' id='word_1_221' title='bbox 291 2790 417 2867; x_wconf 87' lang='lat' dir='ltr'><strong>honore,</strong></span> <span class='ocrx_word' id='word_1_222' title='bbox 444 2787 626 2870; x_wconf 86' lang='lat' dir='ltr'><strong>Karthagini</strong></span> <span class='ocrx_word' id='word_1_223' title='bbox 650 2788 690 2850; x_wconf 92' lang='lat' dir='ltr'><strong>ab</strong></span> <span class='ocrx_word' id='word_1_224' title='bbox 714 2809 747 2850; x_wconf 86' lang='lat' dir='ltr'><strong>sc</strong></span> <span class='ocrx_word' id='word_1_225' title='bbox 772 2799 870 2871; x_wconf 79' lang='lat' dir='ltr'><strong>capte</strong></span> <span class='ocrx_word' id='word_1_226' title='bbox 899 2801 1021 2872; x_wconf 86' lang='lat' dir='ltr'><strong>captam</strong></span> <span class='ocrx_word' id='word_1_227' title='bbox 1048 2791 1087 2851; x_wconf 86' lang='lat' dir='ltr'><strong>ab</strong></span> <span class='ocrx_word' id='word_1_228' title='bbox 1109 2785 1258 2854; x_wconf 69' lang='lat' dir='ltr'><strong>rrss¹0‘¹³⁸·‘¹</strong></span> <span class='ocrx_word' id='word_1_229' title='bbox 1329 2867 1332 2872; x_wconf 25' lang='grc' dir='ltr'>Ι</span> 
     </span>
     <span class='ocr_line' id='line_1_29' title="bbox 111 2851 1384 2968; baseline 0.005 -35"><span class='ocrx_word' id='word_1_230' title='bbox 111 2871 240 2955; x_wconf 90' lang='lat' dir='ltr'><strong>Oringin</strong></span> <span class='ocrx_word' id='word_1_231' title='bbox 263 2886 423 2956; x_wconf 76' lang='lat' dir='ltr'><strong>aequasset,</strong></span> <span class='ocrx_word' id='word_1_232' title='bbox 445 2875 516 2956; x_wconf 88' lang='lat' dir='ltr'><strong>quia</strong></span> <span class='ocrx_word' id='word_1_233' title='bbox 538 2885 571 2935; x_wconf 89' lang='lat' dir='ltr'><strong>ct</strong></span> <span class='ocrx_word' id='word_1_234' title='bbox 591 2873 688 2935; x_wconf 87' lang='lat' dir='ltr'><strong>hiems</strong></span> <span class='ocrx_word' id='word_1_235' title='bbox 710 2875 855 2953; x_wconf 88' lang='lat' dir='ltr'><strong>instabat,</strong></span> <span class='ocrx_word' id='word_1_236' title='bbox 885 2885 920 2936; x_wconf 90' lang='lat' dir='ltr'><strong>ut</strong></span> <span class='ocrx_word' id='word_1_237' title='bbox 943 2895 1000 2937; x_wconf 91' lang='lat' dir='ltr'><strong>nec</strong></span> <span class='ocrx_word' id='word_1_238' title='bbox 1028 2885 1147 2938; x_wconf 86' lang='lat' dir='ltr'><strong>tentare</strong></span> <span class='ocrx_word' id='word_1_239' title='bbox 1158 2851 1278 2921; x_wconf 61' lang='lat' dir='ltr'>‘&#39;m‘-</span> <span class='ocrx_word' id='word_1_240' title='bbox 1371 2941 1384 2968; x_wconf 53' lang='lat'><strong>,</strong></span> 
     </span>
     <span class='ocr_line' id='line_1_30' title="bbox 110 2956 1252 3045; baseline 0.002 -24"><span class='ocrx_word' id='word_1_241' title='bbox 110 2956 224 3037; x_wconf 84' lang='lat' dir='ltr'><strong>Gades,</strong></span> <span class='ocrx_word' id='word_1_242' title='bbox 237 2980 294 3021; x_wconf 91' lang='lat' dir='ltr'><strong>nec</strong></span> <span class='ocrx_word' id='word_1_243' title='bbox 309 2959 469 3042; x_wconf 88' lang='lat' dir='ltr'><strong>disjectum</strong></span> <span class='ocrx_word' id='word_1_244' title='bbox 484 2960 596 3045; x_wconf 86' lang='lat' dir='ltr'><strong>passim</strong></span> <span class='ocrx_word' id='word_1_245' title='bbox 611 2979 666 3041; x_wconf 87' lang='lat' dir='ltr'><strong>per</strong></span> <span class='ocrx_word' id='word_1_246' title='bbox 683 2960 870 3042; x_wconf 85' lang='lat' dir='ltr'><strong>provinciam</strong></span> <span class='ocrx_word' id='word_1_247' title='bbox 884 2962 1049 3022; x_wconf 88' lang='lat' dir='ltr'><strong>exercitum</strong></span> <span class='ocrx_word' id='word_1_248' title='bbox 1064 2959 1147 3023; x_wconf 87' lang='lat' dir='ltr'><strong>Has·</strong></span> <span class='ocrx_word' id='word_1_249' title='bbox 1248 2997 1252 3008; x_wconf 93' lang='lat'>·</span> 
     </span>
     <span class='ocr_line' id='line_1_31' title="bbox 111 3043 1146 3128; baseline 0.001 -21"><span class='ocrx_word' id='word_1_250' title='bbox 111 3045 244 3107; x_wconf 88' lang='lat' dir='ltr'><strong>druhalis</strong></span> <span class='ocrx_word' id='word_1_251' title='bbox 266 3047 433 3108; x_wconf 89' lang='lat' dir='ltr'><strong>consectari</strong></span> <span class='ocrx_word' id='word_1_252' title='bbox 452 3055 567 3127; x_wconf 87' lang='lat' dir='ltr'><strong>posset,</strong></span> <span class='ocrx_word' id='word_1_253' title='bbox 587 3045 620 3105; x_wconf 93' lang='lat' dir='ltr'><strong>in</strong></span> <span class='ocrx_word' id='word_1_254' title='bbox 642 3045 812 3107; x_wconf 88' lang='lat' dir='ltr'><strong>citeriorem</strong></span> <span class='ocrx_word' id='word_1_255' title='bbox 827 3043 1015 3128; x_wconf 83' lang='lat' dir='ltr'><strong>Hispaniam</strong></span> <span class='ocrx_word' id='word_1_256' title='bbox 1041 3067 1146 3108; x_wconf 89' lang='lat' dir='ltr'><strong>omnes</strong></span> 
     </span>
     <span class='ocr_line' id='line_1_32' title="bbox 112 3127 1146 3213; baseline 0 -20"><span class='ocrx_word' id='word_1_257' title='bbox 112 3151 181 3193; x_wconf 88' lang='lat' dir='ltr'><strong>suas</strong></span> <span class='ocrx_word' id='word_1_258' title='bbox 204 3131 308 3213; x_wconf 90' lang='lat' dir='ltr'><strong>copias</strong></span> <span class='ocrx_word' id='word_1_259' title='bbox 330 3131 471 3194; x_wconf 82' lang='lat' dir='ltr'><strong>reduxit:</strong></span> <span class='ocrx_word' id='word_1_260' title='bbox 493 3130 683 3212; x_wconf 85' lang='lat' dir='ltr'><strong>dimissisque</strong></span> <span class='ocrx_word' id='word_1_261' title='bbox 707 3131 739 3191; x_wconf 92' lang='lat' dir='ltr'><strong>in</strong></span> <span class='ocrx_word' id='word_1_262' title='bbox 763 3127 890 3192; x_wconf 86' lang='lat' dir='ltr'><strong>hiberna</strong></span> <span class='ocrx_word' id='word_1_263' title='bbox 909 3131 1088 3212; x_wconf 90' lang='lat' dir='ltr'><strong>legionibus,</strong></span> <span class='ocrx_word' id='word_1_264' title='bbox 1110 3130 1146 3193; x_wconf 84' lang='lat' dir='ltr'><strong>L.</strong></span> 
     </span>
     <span class='ocr_line' id='line_1_33' title="bbox 112 3213 1146 3301; baseline -0.001 -21"><span class='ocrx_word' id='word_1_265' title='bbox 112 3216 255 3301; x_wconf 87' lang='lat' dir='ltr'><strong>Scipione</strong></span> <span class='ocrx_word' id='word_1_266' title='bbox 274 3217 366 3280; x_wconf 82' lang='lat' dir='ltr'><strong>fratre</strong></span> <span class='ocrx_word' id='word_1_267' title='bbox 385 3217 515 3279; x_wconf 89' lang='lat' dir='ltr'><strong>Romam</strong></span> <span class='ocrx_word' id='word_1_268' title='bbox 532 3217 636 3294; x_wconf 87' lang='lat' dir='ltr'><strong>misso,</strong></span> <span class='ocrx_word' id='word_1_269' title='bbox 653 3227 686 3278; x_wconf 90' lang='lat' dir='ltr'><strong>et</strong></span> <span class='ocrx_word' id='word_1_270' title='bbox 704 3213 856 3277; x_wconf 86' lang='lat' dir='ltr'><strong>Hannone</strong></span> <span class='ocrx_word' id='word_1_271' title='bbox 871 3217 1003 3278; x_wconf 87' lang='lat' dir='ltr'><strong>hostium</strong></span> <span class='ocrx_word' id='word_1_272' title='bbox 1016 3215 1146 3300; x_wconf 88' lang='lat' dir='ltr'><strong>impera-</strong></span> 
     </span>
     <span class='ocr_line' id='line_1_34' title="bbox 111 3299 1148 3388; baseline -0.001 -21"><span class='ocrx_word' id='word_1_273' title='bbox 111 3314 189 3383; x_wconf 87' lang='lat' dir='ltr'><strong>tore,</strong></span> <span class='ocrx_word' id='word_1_274' title='bbox 211 3303 376 3388; x_wconf 89' lang='lat' dir='ltr'><strong>ceterisquc</strong></span> <span class='ocrx_word' id='word_1_275' title='bbox 398 3303 548 3368; x_wconf 88' lang='lat' dir='ltr'><strong>nobilibus</strong></span> <span class='ocrx_word' id='word_1_276' title='bbox 563 3301 701 3384; x_wconf 79' lang='lat' dir='ltr'><strong>captivis,</strong></span> <span class='ocrx_word' id='word_1_277' title='bbox 722 3301 789 3384; x_wconf 90' lang='lat' dir='ltr'><strong>ipse</strong></span> <span class='ocrx_word' id='word_1_278' title='bbox 802 3299 1008 3364; x_wconf 80' lang='lat' dir='ltr'><strong>Tarraconem</strong></span> <span class='ocrx_word' id='word_1_279' title='bbox 1021 3323 1148 3366; x_wconf 80' lang='lat' dir='ltr'><strong>conces-</strong></span> 
     </span>
     <span class='ocr_line' id='line_1_35' title="bbox 112 3384 1242 3466; baseline 0.002 -14"><span class='ocrx_word' id='word_1_280' title='bbox 112 3392 161 3452; x_wconf 89' lang='lat' dir='ltr'><strong>sit.</strong></span> <span class='ocrx_word' id='word_1_281' title='bbox 205 3389 323 3452; x_wconf 76' lang='lat' dir='ltr'><strong>Fodem</strong></span> <span class='ocrx_word' id='word_1_282' title='bbox 345 3410 427 3451; x_wconf 88' lang='lat' dir='ltr'><strong>anno</strong></span> <span class='ocrx_word' id='word_1_283' title='bbox 449 3389 553 3451; x_wconf 88' lang='lat' dir='ltr'><strong>classis</strong></span> <span class='ocrx_word' id='word_1_284' title='bbox 570 3387 720 3466; x_wconf 85' lang='lat' dir='ltr'><strong>Romana,</strong></span> <span class='ocrx_word' id='word_1_285' title='bbox 742 3406 812 3450; x_wconf 87' lang='lat' dir='ltr'><strong>cum</strong></span> <span class='ocrx_word' id='word_1_286' title='bbox 828 3386 874 3450; x_wconf 90' lang='lat' dir='ltr'><strong>M.</strong></span> <span class='ocrx_word' id='word_1_287' title='bbox 890 3384 1012 3451; x_wconf 81' lang='lat' dir='ltr'><strong>Valerio</strong></span> <span class='ocrx_word' id='word_1_288' title='bbox 1027 3385 1146 3454; x_wconf 68' lang='lat' dir='ltr'><strong>lisuino</strong></span> <span class='ocrx_word' id='word_1_289' title='bbox 1159 3409 1242 3460; x_wconf 63' lang='lat' dir='ltr'><strong>aad·</strong></span> 
     </span>
     <span class='ocr_line' id='line_1_36' title="bbox 112 3472 1312 3561; baseline 0 -21"><span class='ocrx_word' id='word_1_290' title='bbox 112 3477 293 3561; x_wconf 83' lang='lat' dir='ltr'><strong>proconsule</strong></span> <span class='ocrx_word' id='word_1_291' title='bbox 320 3497 359 3538; x_wconf 84' lang='lat' dir='ltr'><strong>ex</strong></span> <span class='ocrx_word' id='word_1_292' title='bbox 384 3473 543 3538; x_wconf 90' lang='lat' dir='ltr'><strong>Siciliain</strong></span> <span class='ocrx_word' id='word_1_293' title='bbox 569 3473 703 3536; x_wconf 78' lang='lat' dir='ltr'><strong>Africam</strong></span> <span class='ocrx_word' id='word_1_294' title='bbox 730 3474 915 3554; x_wconf 89' lang='lat' dir='ltr'><strong>transmissa,</strong></span> <span class='ocrx_word' id='word_1_295' title='bbox 946 3475 979 3535; x_wconf 92' lang='lat' dir='ltr'><strong>in</strong></span> <span class='ocrx_word' id='word_1_296' title='bbox 1010 3472 1146 3540; x_wconf 88' lang='lat' dir='ltr'><strong>Uticensi</strong></span> <span class='ocrx_word' id='word_1_297' title='bbox 1158 3473 1229 3528; x_wconf 76' lang='lat' dir='ltr'><strong>Rom.</strong></span> <span class='ocrx_word' id='word_1_298' title='bbox 1300 3499 1312 3518; x_wconf 90' lang='lat'><strong>·</strong></span> 
     </span>
     <span class='ocr_line' id='line_1_37' title="bbox 112 3559 1147 3646; baseline -0.001 -20"><span class='ocrx_word' id='word_1_299' title='bbox 112 3563 419 3646; x_wconf 83' lang='lat' dir='ltr'><strong>Karthaginiensique</strong></span> <span class='ocrx_word' id='word_1_300' title='bbox 433 3583 508 3644; x_wconf 84' lang='lat' dir='ltr'><strong>agro</strong></span> <span class='ocrx_word' id='word_1_301' title='bbox 522 3560 584 3623; x_wconf 88' lang='lat' dir='ltr'><strong>late</strong></span> <span class='ocrx_word' id='word_1_302' title='bbox 597 3561 806 3643; x_wconf 87' lang='lat' dir='ltr'><strong>populationes</strong></span> <span class='ocrx_word' id='word_1_303' title='bbox 820 3559 902 3623; x_wconf 83' lang='lat' dir='ltr'><strong>fecit</strong></span> <span class='ocrx_word' id='word_1_304' title='bbox 921 3561 1063 3624; x_wconf 87' lang='lat' dir='ltr'><strong>extremis</strong></span> <span class='ocrx_word' id='word_1_305' title='bbox 1077 3561 1147 3625; x_wconf 89' lang='lat' dir='ltr'><strong>lini·</strong></span> 
     </span>
     <span class='ocr_line' id='line_1_38' title="bbox 111 3645 1143 3731; baseline -0.001 -19"><span class='ocrx_word' id='word_1_306' title='bbox 111 3653 167 3712; x_wconf 90' lang='lat' dir='ltr'><strong>bus</strong></span> <span class='ocrx_word' id='word_1_307' title='bbox 181 3649 480 3731; x_wconf 77' lang='lat' dir='ltr'><strong>Karthaginiensium</strong></span> <span class='ocrx_word' id='word_1_308' title='bbox 501 3648 584 3710; x_wconf 88' lang='lat' dir='ltr'><strong>circa</strong></span> <span class='ocrx_word' id='word_1_309' title='bbox 606 3647 673 3730; x_wconf 84' lang='lat' dir='ltr'><strong>ipsa</strong></span> <span class='ocrx_word' id='word_1_310' title='bbox 695 3647 809 3710; x_wconf 85' lang='lat' dir='ltr'><strong>moenia</strong></span> <span class='ocrx_word' id='word_1_311' title='bbox 833 3645 933 3710; x_wconf 79' lang='lat' dir='ltr'><strong>Uticae</strong></span> <span class='ocrx_word' id='word_1_312' title='bbox 947 3649 1053 3729; x_wconf 75' lang='lat' dir='ltr'><strong>praede</strong></span> <span class='ocrx_word' id='word_1_313' title='bbox 1067 3661 1143 3712; x_wconf 84' lang='lat' dir='ltr'><strong>autre</strong></span> 
     </span>
     <span class='ocr_line' id='line_1_39' title="bbox 112 3732 1147 3820; baseline -0.001 -21"><span class='ocrx_word' id='word_1_314' title='bbox 112 3748 191 3799; x_wconf 89' lang='lat' dir='ltr'><strong>suut.</strong></span> <span class='ocrx_word' id='word_1_315' title='bbox 249 3735 470 3820; x_wconf 79' lang='lat' dir='ltr'><strong>Repetentibus</strong></span> <span class='ocrx_word' id='word_1_316' title='bbox 497 3732 633 3796; x_wconf 88' lang='lat' dir='ltr'><strong>Siciliam</strong></span> <span class='ocrx_word' id='word_1_317' title='bbox 662 3733 765 3794; x_wconf 88' lang='lat' dir='ltr'><strong>classis</strong></span> <span class='ocrx_word' id='word_1_318' title='bbox 795 3732 909 3796; x_wconf 88' lang='lat' dir='ltr'><strong>Punica</strong></span> <span class='ocrx_word' id='word_1_319' title='bbox 940 3733 1147 3817; x_wconf 69' lang='lat' dir='ltr'><strong>(septuaginta</strong></span> 
     </span>
     <span class='ocr_line' id='line_1_40' title="bbox 113 3819 1145 3906; baseline -0.003 -20"><span class='ocrx_word' id='word_1_320' title='bbox 113 3836 200 3886; x_wconf 86' lang='lat' dir='ltr'><strong>erant</strong></span> <span class='ocrx_word' id='word_1_321' title='bbox 213 3822 310 3905; x_wconf 81' lang='lat' dir='ltr'><strong>longa</strong></span> <span class='ocrx_word' id='word_1_322' title='bbox 324 3821 430 3902; x_wconf 81' lang='lat' dir='ltr'><strong>naues)</strong></span> <span class='ocrx_word' id='word_1_323' title='bbox 445 3819 587 3884; x_wconf 90' lang='lat' dir='ltr'><strong>obcurrit.</strong></span> <span class='ocrx_word' id='word_1_324' title='bbox 610 3820 716 3882; x_wconf 88' lang='lat' dir='ltr'><strong>decem</strong></span> <span class='ocrx_word' id='word_1_325' title='bbox 733 3831 765 3884; x_wconf 90' lang='lat' dir='ltr'><strong>et</strong></span> <span class='ocrx_word' id='word_1_326' title='bbox 788 3831 905 3906; x_wconf 88' lang='lat' dir='ltr'><strong>septem</strong></span> <span class='ocrx_word' id='word_1_327' title='bbox 927 3841 1018 3884; x_wconf 81' lang='lat' dir='ltr'><strong>naues</strong></span> <span class='ocrx_word' id='word_1_328' title='bbox 1044 3841 1082 3886; x_wconf 81' lang='lat' dir='ltr'><strong>ex</strong></span> <span class='ocrx_word' id='word_1_329' title='bbox 1108 3821 1145 3887; x_wconf 84' lang='lat' dir='ltr'><strong>iis</strong></span> 
     </span>
    </p>
   </div>
   <div class='ocr_carea' id='block_1_3' title="bbox 1158 3623 1334 3658">
    <p class='ocr_par' dir='ltr' id='par_1_4' title="bbox 1158 3623 1334 3658">
     <span class='ocr_line' id='line_1_41' title="bbox 1158 3623 1334 3658; baseline 0 0"><span class='ocrx_word' id='word_1_330' title='bbox 1158 3623 1217 3658; x_wconf 65' lang='lat' dir='ltr'><strong>&lt;ms</strong></span> <span class='ocrx_word' id='word_1_331' title='bbox 1329 3635 1334 3648; x_wconf 66' lang='lat'>⁸</span> 
     </span>
    </p>
   </div>
   <div class='ocr_carea' id='block_1_4' title="bbox 154 3995 1084 4066">
    <p class='ocr_par' dir='ltr' id='par_1_5' title="bbox 154 3995 1084 4066">
     <span class='ocr_line' id='line_1_42' title="bbox 154 3995 1084 4066; baseline 0.005 -19"><span class='ocrx_word' id='word_1_332' title='bbox 154 4004 187 4039; x_wconf 54' lang='grc' dir='ltr'><strong>ι·</strong></span> <span class='ocrx_word' id='word_1_333' title='bbox 200 3997 504 4065; x_wconf 72' lang='lat' dir='ltr'><strong>etrsfeisgslrcntarunciair</strong></span> <span class='ocrx_word' id='word_1_334' title='bbox 513 3997 603 4050; x_wconf 84' lang='lat' dir='ltr'><strong>inclusit</strong></span> <span class='ocrx_word' id='word_1_335' title='bbox 616 3997 676 4066; x_wconf 70' lang='lat' dir='ltr'><strong>hup.</strong></span> <span class='ocrx_word' id='word_1_336' title='bbox 847 3995 1003 4064; x_wconf 76' lang='lat' dir='ltr'><strong>&#39;plusGrou</strong></span> <span class='ocrx_word' id='word_1_337' title='bbox 1016 3999 1084 4052; x_wconf 77' lang='lat' dir='ltr'><strong>Creu.</strong></span> 
     </span>
    </p>
   </div>
   <div class='ocr_carea' id='block_1_5' title="bbox 110 4127 1278 4585">
    <p class='ocr_par' dir='ltr' id='par_1_6' title="bbox 110 4127 1278 4326">
     <span class='ocr_line' id='line_1_43' title="bbox 144 4127 1145 4242; baseline 0.007 -65"><span class='ocrx_word' id='word_1_338' title='bbox 144 4129 165 4165; x_wconf 83' lang='lat'><strong>¹³</strong></span> <span class='ocrx_word' id='word_1_339' title='bbox 181 4129 258 4192; x_wconf 77' lang='lat' dir='ltr'><strong>ltaque</strong></span> <span class='ocrx_word' id='word_1_340' title='bbox 264 4128 385 4242; x_wconf 56' lang='lat' dir='ltr'><strong>perpasto]</strong></span> <span class='ocrx_word' id='word_1_341' title='bbox 401 4127 454 4179; x_wconf 82' lang='lat' dir='ltr'><strong>Par.</strong></span> <span class='ocrx_word' id='word_1_342' title='bbox 472 4141 497 4179; x_wconf 89' lang='lat' dir='ltr'><strong>et</strong></span> <span class='ocrx_word' id='word_1_343' title='bbox 513 4131 607 4180; x_wconf 71' lang='lat' dir='ltr'><strong>Victor.</strong></span> <span class='ocrx_word' id='word_1_344' title='bbox 637 4146 699 4182; x_wconf 81' lang='lat' dir='ltr'><strong>cem.</strong></span> <span class='ocrx_word' id='word_1_345' title='bbox 732 4131 834 4194; x_wconf 71' lang='lat' dir='ltr'><strong>Maiores</strong></span> <span class='ocrx_word' id='word_1_346' title='bbox 853 4129 922 4198; x_wconf 85' lang='lat' dir='ltr'><strong>hujus</strong></span> <span class='ocrx_word' id='word_1_347' title='bbox 945 4134 1034 4196; x_wconf 81' lang='lat' dir='ltr'><strong>generis</strong></span> <span class='ocrx_word' id='word_1_348' title='bbox 1052 4147 1145 4184; x_wconf 73' lang='lat' dir='ltr'><strong>auam·</strong></span> 
     </span>
     <span class='ocr_line' id='line_1_44' title="bbox 112 4195 1278 4257; baseline 0.007 -13"><span class='ocrx_word' id='word_1_349' title='bbox 112 4195 298 4257; x_wconf 55' lang='lat' dir='ltr'><strong>canumet</strong></span> <span class='ocrx_word' id='word_1_350' title='bbox 325 4197 463 4256; x_wconf 64' lang='lat' dir='ltr'><strong>cambita,</strong></span> <span class='ocrx_word' id='word_1_351' title='bbox 476 4197 606 4246; x_wconf 69' lang='lat' dir='ltr'><strong>musenim.</strong></span> <span class='ocrx_word' id='word_1_352' title='bbox 638 4197 676 4244; x_wconf 69' lang='lat' dir='ltr'><strong>lin</strong></span> <span class='ocrx_word' id='word_1_353' title='bbox 697 4199 762 4246; x_wconf 80' lang='lat' dir='ltr'><strong>nobis</strong></span> <span class='ocrx_word' id='word_1_354' title='bbox 784 4195 908 4246; x_wconf 75' lang='lat' dir='ltr'><strong>blentidem</strong></span> <span class='ocrx_word' id='word_1_355' title='bbox 934 4210 1093 4256; x_wconf 62' lang='lat' dir='ltr'><strong>secunaum,</strong></span> <span class='ocrx_word' id='word_1_356' title='bbox 1117 4211 1161 4251; x_wconf 87' lang='lat' dir='ltr'><strong>ut.</strong></span> <span class='ocrx_word' id='word_1_357' title='bbox 1274 4201 1278 4210; x_wconf 94' lang='lat'>&#39;</span> 
     </span>
     <span class='ocr_line' id='line_1_45' title="bbox 110 4259 1144 4326; baseline 0.002 -18"><span class='ocrx_word' id='word_1_358' title='bbox 110 4260 460 4311; x_wconf 74' lang='lat' dir='ltr'><strong>tut.n0r.ar.·ssl.rxvn.c</strong></span> <span class='ocrx_word' id='word_1_359' title='bbox 480 4263 520 4312; x_wconf 73' lang='lat' dir='ltr'><strong>tl.</strong></span> <span class='ocrx_word' id='word_1_360' title='bbox 639 4262 815 4312; x_wconf 57' lang='lat' dir='ltr'><strong>tannes.</strong></span> <span class='ocrx_word' id='word_1_361' title='bbox 850 4259 1144 4326; x_wconf 58' lang='lat' dir='ltr'><strong>emensosque</strong></span> 
     </span>
    </p>

    <p class='ocr_par' dir='ltr' id='par_1_7' title="bbox 110 4321 1145 4585">
     <span class='ocr_line' id='line_1_46' title="bbox 144 4321 1145 4391; baseline 0.006 -21"><span class='ocrx_word' id='word_1_362' title='bbox 144 4323 166 4358; x_wconf 80' lang='lat'><strong>¹⁴</strong></span> <span class='ocrx_word' id='word_1_363' title='bbox 192 4321 239 4371; x_wconf 80' lang='lat' dir='ltr'><strong>Nec</strong></span> <span class='ocrx_word' id='word_1_364' title='bbox 257 4331 314 4372; x_wconf 71' lang='lat' dir='ltr'><strong>secas</strong></span> <span class='ocrx_word' id='word_1_365' title='bbox 343 4342 408 4388; x_wconf 63' lang='lat' dir='ltr'><strong>pem</strong></span> <span class='ocrx_word' id='word_1_366' title='bbox 432 4327 521 4374; x_wconf 68' lang='lat' dir='ltr'><strong>dum</strong></span> <span class='ocrx_word' id='word_1_367' title='bbox 545 4327 609 4383; x_wconf 78' lang='lat' dir='ltr'><strong>scies,</strong></span> <span class='ocrx_word' id='word_1_368' title='bbox 638 4325 739 4389; x_wconf 65' lang='lat' dir='ltr'><strong>applied</strong></span> <span class='ocrx_word' id='word_1_369' title='bbox 762 4327 861 4376; x_wconf 77' lang='lat' dir='ltr'><strong>mnrndi</strong></span> <span class='ocrx_word' id='word_1_370' title='bbox 885 4329 940 4376; x_wconf 74' lang='lat' dir='ltr'><strong>nst</strong></span> <span class='ocrx_word' id='word_1_371' title='bbox 961 4344 987 4376; x_wconf 83' lang='lat' dir='ltr'><strong>er</strong></span> <span class='ocrx_word' id='word_1_372' title='bbox 1007 4329 1100 4391; x_wconf 73' lang='lat' dir='ltr'><strong>inproba</strong></span> <span class='ocrx_word' id='word_1_373' title='bbox 1117 4343 1145 4376; x_wconf 83' lang='lat' dir='ltr'><strong>oe</strong></span> 
     </span>
     <span class='ocr_line' id='line_1_47' title="bbox 110 4387 1145 4456; baseline 0.003 -17"><span class='ocrx_word' id='word_1_374' title='bbox 110 4387 169 4453; x_wconf 76' lang='lat' dir='ltr'><strong>cess]</strong></span> <span class='ocrx_word' id='word_1_375' title='bbox 193 4387 282 4436; x_wconf 83' lang='lat' dir='ltr'><strong>Omnes</strong></span> <span class='ocrx_word' id='word_1_376' title='bbox 294 4391 374 4453; x_wconf 74' lang='lat' dir='ltr'><strong>rcrlprl‘</strong></span> <span class='ocrx_word' id='word_1_377' title='bbox 389 4405 450 4440; x_wconf 76' lang='lat' dir='ltr'><strong>cass.</strong></span> <span class='ocrx_word' id='word_1_378' title='bbox 481 4389 611 4440; x_wconf 66' lang='lat' dir='ltr'><strong>Videndum</strong></span> <span class='ocrx_word' id='word_1_379' title='bbox 643 4391 760 4442; x_wconf 58' lang='lat' dir='ltr'><strong>Messall</strong></span> <span class='ocrx_word' id='word_1_380' title='bbox 769 4401 846 4442; x_wconf 71' lang='lat' dir='ltr'><strong>mma</strong></span> <span class='ocrx_word' id='word_1_381' title='bbox 854 4401 946 4456; x_wconf 77' lang='lat' dir='ltr'><strong>potestas</strong></span> <span class='ocrx_word' id='word_1_382' title='bbox 955 4401 1015 4454; x_wconf 78' lang='lat' dir='ltr'><strong>esset,</strong></span> <span class='ocrx_word' id='word_1_383' title='bbox 1029 4409 1075 4454; x_wconf 74' lang='lat' dir='ltr'><strong>saur</strong></span> <span class='ocrx_word' id='word_1_384' title='bbox 1084 4407 1145 4442; x_wconf 71' lang='lat' dir='ltr'><strong>nuru</strong></span> 
     </span>
     <span class='ocr_line' id='line_1_48' title="bbox 110 4453 918 4521; baseline 0.006 -19"><span class='ocrx_word' id='word_1_385' title='bbox 110 4469 140 4503; x_wconf 82' lang='lat' dir='ltr'><strong>ru</strong></span> <span class='ocrx_word' id='word_1_386' title='bbox 158 4454 190 4503; x_wconf 86' lang='lat' dir='ltr'><strong>sic</strong></span> <span class='ocrx_word' id='word_1_387' title='bbox 208 4455 313 4503; x_wconf 78' lang='lat' dir='ltr'><strong>maluerit</strong></span> <span class='ocrx_word' id='word_1_388' title='bbox 331 4455 421 4519; x_wconf 75' lang='lat' dir='ltr'><strong>Livius,</strong></span> <span class='ocrx_word' id='word_1_389' title='bbox 441 4467 467 4504; x_wconf 82' lang='lat' dir='ltr'><strong>ut</strong></span> <span class='ocrx_word' id='word_1_390' title='bbox 485 4457 611 4521; x_wconf 64' lang='lat' dir='ltr'><strong>mum</strong></span> <span class='ocrx_word' id='word_1_391' title='bbox 649 4456 796 4512; x_wconf 57' lang='lat' dir='ltr'><strong>...aaran</strong></span> <span class='ocrx_word' id='word_1_392' title='bbox 915 4453 918 4459; x_wconf 74' lang='grc'><strong>’</strong></span> 
     </span>
     <span class='ocr_line' id='line_1_49' title="bbox 110 4520 611 4585; baseline 0.002 -14"><span class='ocrx_word' id='word_1_393' title='bbox 110 4534 193 4571; x_wconf 74' lang='lat' dir='ltr'><strong>msa</strong></span> <span class='ocrx_word' id='word_1_394' title='bbox 213 4522 269 4570; x_wconf 78' lang='lat' dir='ltr'><strong>acics</strong></span> <span class='ocrx_word' id='word_1_395' title='bbox 287 4520 403 4572; x_wconf 72' lang='lat' dir='ltr'><strong>sumserit</strong></span> <span class='ocrx_word' id='word_1_396' title='bbox 419 4532 555 4585; x_wconf 62' lang='lat' dir='ltr'><strong>”quantem</strong></span> <span class='ocrx_word' id='word_1_397' title='bbox 569 4537 611 4572; x_wconf 83' lang='lat' dir='ltr'><strong>ro·</strong></span> 
     </span>
    </p>
   </div>
   <div class='ocr_carea' id='block_1_6' title="bbox 0 0 1550 5200">
    <p class='ocr_par' dir='ltr' id='par_1_8' title="bbox 0 0 1550 5200">
     <span class='ocr_line' id='line_1_50' title="bbox 0 0 1550 5200; baseline 0 0"><span class='ocrx_word' id='word_1_398' title='bbox 0 0 1550 5200; x_wconf 95' lang='lat' dir='ltr'><strong> </strong></span> 
     </span>
    </p>
   </div>
   <div class='ocr_carea' id='block_1_7' title="bbox 1157 3543 1366 3594">
    <p class='ocr_par' dir='ltr' id='par_1_9' title="bbox 1157 3543 1366 3594">
     <span class='ocr_line' id='line_1_51' title="bbox 1157 3543 1366 3594; baseline 0.019 -4"><span class='ocrx_word' id='word_1_399' title='bbox 1157 3543 1219 3591; x_wconf 83' lang='lat' dir='ltr'><strong>latur</strong></span> <span class='ocrx_word' id='word_1_400' title='bbox 1261 3543 1292 3592; x_wconf 87' lang='lat' dir='ltr'><strong>ri·</strong></span> <span class='ocrx_word' id='word_1_401' title='bbox 1363 3583 1366 3594; x_wconf 88' lang='lat'><strong>.</strong></span> 
     </span>
    </p>
   </div>
  </div>
 </body>
</html>
