3092 5200
445 366 523 429 Lm.
542 364 672 431 xxva.
690 366 777 431 CAR·
791 364 893 431 XXX.
1135 374 1197 436 ⁴oe

156 520 257 607 lippus
271 540 458 607 regnumque
478 520 556 606 ejus,
575 542 667 606 grave
688 522 821 587 libertati
842 522 986 603 luttrrum,
1010 522 1097 587 rebus
1111 520 1194 587 Gre-
1207 519 1242 572 ⁰·
1253 520 1352 573 c⁴⁴⁴·
1391 578 1394 585 .

157 610 212 671 cite
227 609 448 673 inmisceretur.
488 607 538 672 De
561 630 637 691 pace
659 609 757 673 dilata
775 608 960 671 consultatio
974 610 1072 671 estin
1092 588 1239 673 conci-⁸·
1250 586 1279 637 ⁰·
1290 588 1349 639 ²⁰⁸⁴

154 694 445 773 limitaneorum
466 695 658 777 concilioque
672 695 701 757 ei
723 707 756 759 et
778 695 861 758 locus
875 706 908 757 ct
921 696 985 757 dies
1000 705 1084 757 certa
1098 696 1195 759 indic·
1208 714 1362 765 redactura.

155 782 350 846 ta.·interim
375 783 503 863 triginta
525 781 642 843 dierum
664 780 794 845 induciae
816 782 996 864 impetrate.
1040 779 1196 844 Profectus
1208 780 1311 831 dieram.

154 865 228 929 inde
252 888 308 931 rex
332 889 387 951 per
412 864 604 939 Thessaliam
627 864 851 949 Boeotiamque,
866 864 1053 943 ⁸Chalcidem
1074 864 1197 929 Fnrboee

155 954 250 1032 venir,
275 964 311 1016 ut
333 954 484 1032 Attalum,
509 974 600 1037 quem
630 953 727 1017 classe
747 952 895 1017 Euboeam
921 954 1088 1055 petiturum
1106 953 1197 1053 'audi-

156 1050 235 1189 pecte,
247 1041 394 1189 idm
401 1036 1198 1226 ptppltplmmppitpppppnppppnrpprajlpepsegeprpsppppeppss
1210 1136 1363 1204 marma
1403 1164 1408 1171 -

155 1211 1079 1379 lt‘nthltlihsslljlt,lflttzot‘ltlltalfgt
1093 1204 1363 1381 lilii?
1404 1246 1409 1253 '

155 1382 199 1445 ad
223 1403 295 1445 eunt
323 1384 435 1463 delata
464 1384 538 1465 quia
560 1406 595 1447 se
618 1381 826 1447 Macedonum
850 1404 936 1467 reges
956 1405 995 1446 arr
1017 1404 1055 1445 ea
1076 1384 1199 1449 civitate

153 1468 299 1533 oriundos
320 1469 466 1548 referunt,
490 1468 607 1532 Hermia
626 1470 770 1553 peractis,
796 1471 834 1532 ah
856 1470 922 1553 ipso
943 1470 1060 1534 ludicro
1079 1482 1199 1533 extam-

155 1556 210 1637 plo
233 1558 261 1603 ⁷⁵
271 1555 385 1618 Rhium
399 1556 552 1639 proiectus
578 1569 635 1634 est,
658 1556 699 1618 ad
723 1555 871 1619 indictum
893 1555 990 1619 multo
1011 1567 1083 1620 ante
1097 1556 1198 1621 socio·

156 1662 225 1719 rum
239 1641 413 1705 concilium.
456 1640 503 1703 Ibi
533 1641 573 1704 de
599 1639 737 1705 AEtolico
759 1642 892 1705 finiendo
917 1642 998 1705 bello
1021 1653 1134 1722 acuum,
1158 1662 1198 1705 ne

157 1747 267 1789 cauma
295 1738 350 1790 aut
369 1726 530 1805 Romanis,
564 1739 619 1791 aut
644 1727 752 1791 Attalo
773 1728 906 1791 intrandi
931 1726 1080 1791 Graeciatn
1109 1738 1197 1795 estet.

157 1809 222 1875 Sed
250 1834 288 1875 ea
316 1813 431 1891 omnia,
461 1812 588 1876 vixdum
616 1813 805 1877 induciarum
836 1824 972 1898 ternpore
1001 1815 1199 1895 circumacto,

156 1895 257 1962 AEtoli
272 1899 441 1979 turbavere,
465 1912 628 1983 postquam
652 1911 686 1963 et
707 1898 847 1965 Attalum
862 1897 1011 1983 AEginant
1023 1900 1151 1979 venisse,
1167 1912 1200 1964 et
1212 1914 1284 1965 AEtolt
1298 1928 1364 1979 ntae

157 1982 330 2047 Romanam
352 1985 481 2056 classem
505 1997 588 2049 stare
612 1986 652 2049 ad
677 1984 875 2069 Naupactum·
895 1987 1045 2049 audivere.
1089 1981 1332 2099 Vocatiffim·

158 2071 297 2149 enimin
321 2072 483 2135 concilium
508 2070 701 2149 Achteorum,
733 2072 765 2135 in
799 2094 859 2155 quo
893 2073 1005 2135 eadem
1032 2072 1200 2154 legationes

74 2164 76 2168 ’
157 2167 255 2235 erant,
269 2176 336 2238 qute
350 2156 391 2218 ad
404 2155 534 2220 Phalara
553 2170 681 2241 egerant
698 2158 737 2221 dc
753 2178 841 2241 pace,
856 2158 987 2241 primum
1008 2159 1106 2239 questi
1127 2169 1200 2223 sunt
1321 2204 1328 2220 ,

158 2242 296 2323 quedam
316 2261 410 2325 parva
427 2254 536 2305 contra
559 2243 653 2305 fidem
673 2245 883 2308 conventionis
901 2256 1038 2328 tempore
1061 2244 1199 2307 inducia·

157 2348 225 2391 rum
255 2328 357 2404 lacn:
391 2340 546 2411 postremo
572 2341 722 2411 negarunt
745 2330 847 2391 dirimi
877 2330 990 2392 bellurn
1017 2349 1117 2412 posse,
1142 2330 1199 2393 nisi

158 2401 321 2479 Messeniis
350 2413 453 2477 achei
480 2412 587 2499 Pylum
613 2415 784 2493 redderent,
813 2414 960 2479 Romania
990 2416 1200 2486 restitueretur

158 2501 185 2547 ⁷⁸
196 2499 366 2579 Atintania,
396 2498 581 2563 Scerdilaedo
615 2514 648 2563 et
681 2500 821 2565 Pleurato
855 2500 1010 2585 Ardyeit
1038 2500 1200 2565 Enimvero

157 2586 317 2669 indignum
332 2596 416 2649 ratus
432 2585 598 2670 Philippus,
612 2587 710 2650 victos
724 2586 833 2652 victori
848 2587 905 2650 sibi
921 2587 1000 2650 ultro
1010 2580 1201 2652 conditiones

159 2673 260 2737 serre:
282 2674 347 2735 ‘ne
357 2684 454 2736 antea
468 2673 592 2755 quidem
614 2694 648 2735 se
670 2687 724 2736 aut
744 2675 783 2736 dc
808 2695 884 2756 paca
898 2673 1028 2753 audisse,
1044 2685 1095 2738 aut
1110 2674 1200 2738 indu·

157 2759 246 2821 ‘cisa
272 2757 447 2843 pepigisse',
472 2758 562 2838 dixit,
591 2758 699 2842 ‘apem
727 2760 822 2822 ullam
852 2759 1016 2822 habentem
1046 2760 1200 2840 quieturos

157 2842 324 2922 ‘AEtolos3
347 2845 402 2906 sed
414 2856 449 2906 ut
462 2865 570 2907 omnes
592 2846 692 2908 socios
709 2855 804 2908 testes
819 2844 955 2924 haberet,
971 2866 1003 2906 se
1019 2847 1115 2928 pacis,
1131 2847 1200 2909 illos

157 2929 256 2992 ‘belli
272 2951 410 2993 cauatam
424 2927 584 3012 quesisse?
607 2930 652 2991 ita
662 2929 777 2992 iniecta
796 2949 873 3012 pace
893 2931 1057 2993 concilium
1073 2931 1200 3010 dimisit,

158 3027 289 3098 quatuor
299 3015 431 3078 millibus
446 3026 632 3077 armatorum
642 3015 755 3077 relictis
770 3014 810 3077 ad
825 3016 997 3098 presidium
1008 3015 1201 3096 Achaeorum,

157 3113 191 3164 et
206 3102 339 3182 quinque
352 3099 453 3181 longis
466 3100 591 3163 navibus
607 3101 751 3183 acceptia.
771 3121 847 3184 quas
869 3101 894 3163 si
919 3099 1080 3182 adjecisset
1103 3102 1201 3164 missa

157 3207 257 3269 nuper
271 3187 312 3248 ad
326 3207 359 3248 se
373 3186 463 3251 classi
477 3185 791 3268 Karthaginiensium,
815 3197 847 3249 et
862 3207 901 3248 cx
914 3185 1061 3270 Bithynia
1074 3187 1114 3249 ab
1129 3207 1200 3269 rege

154 3271 262 3336 Prusia
274 3272 463 3336 venientibus
476 3271 614 3352 navibus,
637 3281 786 3334 statuerat
808 3271 905 3334 navali
925 3271 1032 3354 proelio
1047 3272 1196 3335 lacessere

159 3357 326 3439 Romanos,
343 3357 412 3442 jam
431 3359 482 3422 diu
506 3360 538 3420 in
558 3378 596 3420 ea
619 3359 741 3440 regione
755 3367 896 3440 potentes
911 3357 1014 3420 maria.
1030 3357 1094 3442 ipse
1109 3359 1149 3419 ab
1163 3378 1202 3421 eo

156 3445 290 3508 concilio
313 3443 414 3527 Argos
438 3464 611 3527 regressus:
629 3443 696 3526 jam
719 3443 801 3507 enim
823 3441 1010 3508 Nemeorum
1036 3443 1201 3528 adpetebat

155 3544 289 3616 tempus,
302 3533 329 3580 ⁷⁷
341 3551 409 3616 que
422 3531 567 3595 celebrari
582 3530 703 3593 volebat
716 3530 878 3613 presentia
891 3549 956 3594 sua.

591 3694 603 3722 ⁸
618 3686 702 3739 Ardiaei
711 3685 774 3754 trop.

188 3845 212 3883 ’Β
227 3843 367 3910 Ham]
384 3845 500 3894 Ladarma
514 3843 662 3897 iohannem
693 3859 762 3908 quam
773 3841 867 3896 Rhium·

157 3906 662 4039 'thwiil‘ffi'tn
693 3905 981 4026 „tertullae
999 3905 1097 4038 ltu
1114 3907 1201 4038 :nit

156 4039 191 4090 eie
205 4039 261 4088 dieti
275 4055 289 4088 t
303 4039 395 4088 Nemee
410 4039 492 4104 tylm;
506 4057 562 4103 qnae
570 4039 662 4102 qnidam
693 4039 759 4087 malr
776 4051 830 4089 rnre
846 4038 937 4087 initium
953 4037 1026 4102 hujus
1041 4040 1135 4088 retundi
1154 4039 1201 4090 Pu.

158 4104 183 4152 irr
193 4103 304 4153 honorem
313 4105 459 4168 Archemori,
469 4105 543 4154 tliiia
553 4104 663 4154 Herculia
689 4105 741 4152 miri
757 4104 821 4153 belli.
860 4102 914 4152 Vld.
934 4118 1001 4168 rupta
1018 4101 1035 4150 l.
1054 4114 1099 4153 xx.
1120 4119 1142 4152 r.
1160 4106 1201 4153 ³⁰.

158 4170 276 4220 institutos
285 4182 422 4220 memorent.
693 4169 819 4232 Occupatis
839 4181 917 4218 ruram
937 4169 981 4217 hac
1001 4166 1063 4216 ballo
1084 4167 1202 4224 humanit,

190 4233 213 4268 ²⁵
234 4232 320 4282 ntu-
334 4234 445 4298 prqsecntr
459 4233 502 4295 ur]
519 4233 605 4298 Scripti
619 4235 662 4282 hr-
695 4233 821 4298 Phdippnr,
836 4246 863 4283 ut
878 4245 970 4298 appetet
980 4247 1010 4282 ex
1020 4231 1064 4280 hoc
1074 4231 1199 4292 lerneam

157 4297 214 4346 beet
233 4300 329 4362 muter,
349 4300 410 4348 uada
430 4299 533 4348 firmetur
553 4298 661 4348 Glaretui
692 4299 814 4348 iuvarent.

156 4364 290 4428 molentun
309 4364 453 4414 madentis
471 4363 572 4429 &tm
602 4363 661 4413 Cer·
724 4364 748 4402 ⁷⁷
764 4363 780 4394 ⁸
798 4361 855 4418 Qua
869 4359 983 4428 arants]
998 4357 1089 4416 Qltilrtu
1102 4359 1199 4412 celebri-

155 4440 182 4476 ta
206 4429 267 4490 apud
289 4425 410 4490 Polybium
437 4445 497 4495 rupe
522 4430 661 4479 mmmm
692 4440 765 4479 rerem
782 4428 834 4477 eddi
854 4441 878 4476 er
897 4428 1050 4492 spectantium
1065 4441 1199 4483 cacunem

154 4492 251 4549 tonsilla
259 4491 346 4552 idion
357 4492 467 4560 meatu
478 4493 584 4562 AEgt‘ue,
598 4489 661 4567 nur
692 4494 771 4560 augeri
779 4494 900 4564 prurientia
908 4509 950 4546 aua
958 4491 1054 4548 tolebar.
1069 4537 1073 4542 .
1085 4535 1088 4544 .
