3092 5200
304 268 363 327 los
712 264 917 328 usmetun

134 430 275 483 mosas.
303 422 402 505 magis
431 430 608 505 prospemm
635 420 793 485 Romanis.
817 420 851 485 P.
867 420 980 491 etCn.
1006 418 1200 505 Scipionibus
1216 422 1296 487 inter
1317 442 1351 487 se

136 496 278 550 mm·
303 510 424 594 partitis
445 508 559 591 copias,
581 519 617 571 ut
631 506 738 572 Cuneus
761 520 854 588 terra,
876 506 1000 571 Publius
1021 508 1147 571 navibus
1168 530 1232 573 rem
1260 531 1349 593 gere·

52 594 70 613 ’”
303 606 372 673 ret3
413 592 585 656 Hasdrubal
617 591 781 658 Poenorum
809 596 987 679 imperator,
1010 596 1110 658 neutri
1133 596 1213 679 parti
1241 597 1350 659 virium

303 681 377 743 satis
392 680 499 759 fidens,
515 681 622 764 procul
633 682 673 743 ab
687 683 787 760 boste,
813 682 973 745 intervallo
993 702 1029 743 ac
1044 682 1121 743 locis
1143 694 1238 761 tutus,
1260 694 1348 747 tene-

304 769 359 830 bat
373 787 429 829 ses
451 767 615 847 '’quoad'’
630 769 761 831 multum
777 789 815 829 ac
834 768 886 833 diu
908 768 1074 831 obtestanti
1096 781 1227 849 quatuor
1253 770 1349 832 millia

302 853 452 937 pediturn,
481 867 514 916 et
537 853 695 935 quingenti
728 854 846 935 equites
882 854 914 917 in
935 855 1179 938 supplementum
1205 856 1288 917 missi
1311 876 1350 917 ex

288 939 410 1017 ⁸Africa
423 951 504 1002 sunt.
546 938 639 1018 Τιιω,
653 939 769 1003 resecta
780 940 908 1003 tandem
923 962 990 1024 spe,
1014 952 1115 1005 castra
1129 942 1252 1025 propius
1276 943 1346 1005 hos·

304 1040 371 1089 tem
388 1026 506 1088 movit:
530 1025 721 1108 classemque
743 1027 861 1109 etipse
883 1027 991 1090 instrui
1039 1028 1176 1110 ararique
1187 1026 1286 1110 jubet,
1308 1028 1349 1090 ad

303 1112 417 1186 insulas
431 1112 676 1194 maritimamque
690 1133 776 1175 oram
797 1113 971 1201 tutandam.
1008 1048 1134 1197 inipso
1158 1115 1266 1197 inpetu
1280 1134 1348 1177 mo·

303 1198 470 1261 vendanum
497 1200 535 1261 de
560 1199 681 1281 integro
695 1219 806 1277 rerum,
827 1200 956 1281 perculit
981 1220 1051 1263 eum
1065 1200 1276 1284 prefectorum
1290 1222 1348 1263 na·

303 1285 385 1347 vium
404 1285 567 1366 transitio:
590 1286 655 1368 qui,
678 1296 750 1368 post
775 1286 903 1348 classem
930 1285 970 1348 ad
985 1283 1105 1348 Iberum
1129 1307 1183 1370 per
1204 1307 1348 1371 pauorem

305 1370 458 1437 desertam
479 1372 611 1453 graviter
631 1372 785 1455 increpiti,
807 1392 974 1454 numquam
989 1372 1101 1436 deinde
1120 1374 1194 1435 satis
1215 1373 1269 1436 fidi
1295 1386 1349 1436 aut

304 1456 385 1536 duci,
419 1469 472 1521 aut
497 1457 800 1541 Karthaginiensium
831 1459 920 1521 rebus
953 1458 1083 1521 inserant.
1119 1457 1269 1529 Fecerant
1292 1460 1349 1545 ¹¹5².

303 1543 466 1626 transmge
494 1554 613 1607 motum
634 1545 700 1606 ¹⁴in
723 1543 957 1628 Carpesiorum⁰
982 1556 1086 1627 gente,
1102 1544 1349 1627 desciverantque

303 1630 341 1691 iis
366 1630 540 1694 auctoribus
561 1630 650 1694 urbes
672 1631 809 1713 aliquot:
844 1651 906 1693 una
927 1631 1021 1693 etiam
1044 1632 1084 1693 ab
1105 1631 1179 1714 ipsis
1200 1632 1229 1693 vi
1259 1644 1351 1715 capta

303 1715 412 1780 isserat
468 1714 504 1778 ln
533 1738 601 1780 eam
631 1728 755 1800 gentem
791 1738 910 1785 versum
946 1719 1022 1780 ”ab
1051 1718 1199 1781 Romanis
1236 1718 1347 1781 bellum

139 1810 269 1860 landrum!
304 1812 370 1880 est,
398 1802 568 1887 infestoque
591 1803 728 1866 exercitu
753 1802 927 1867 Hasdrubal
959 1804 1111 1886 ingressus
1139 1822 1245 1885 agrum
1275 1806 1346 1867 hos·

138 1878 244 1954 ‘ml'
304 1889 392 1967 tium,
423 1910 479 1971 pro
515 1900 613 1973 capte
635 1901 707 1954 ante
740 1890 806 1952 dies
838 1911 952 1974 paucos
975 1891 1057 1952 urhis
1083 1891 1243 1968 messibus,
1269 1888 1345 1952 Gal-

136 1942 276 2058 m,
304 1977 408 2053 bum‚¹³
435 1975 569 2038 nobilem
598 1975 811 2060 Carpesiorum
847 1978 969 2054 ducem,
991 1996 1061 2038 cum
1086 1976 1188 2038 valido
1211 1977 1346 2039 exercitu

137 2075 220 2124 enum.
303 2062 412 2123 castris
427 2083 494 2125 sese
519 2072 688 2142 tenentem,
708 2063 834 2145 adgredi
860 2062 976 2125 statuit.
1012 2060 1169 2125 Praemissa
1183 2062 1275 2144 igitur
1289 2062 1348 2125 lesi

303 2158 465 2227 mmatrrra,
490 2167 556 2229 qum
578 2148 703 2211 eliceret
728 2151 832 2211 hostes
852 2149 892 2210 ad
920 2158 1086 2227 certarnen,
1108 2148 1247 2231 peditum
1276 2150 1350 2231 pur·¹

302 2245 368 2295 tem
382 2234 423 2295 ad
438 2232 685 2318 depopulandum
700 2256 755 2317 per
773 2256 863 2316 agros
877 2234 990 2319 passim
1006 2234 1132 2313 dimisit,
1148 2246 1183 2297 ut
1207 2234 1346 2317 palantes

303 2320 489 2401 exciperent.
531 2317 628 2382 Simul
653 2333 686 2383 et
700 2321 741 2383 ad
755 2331 858 2383 castra
872 2321 1018 2382 tumultm
1039 2332 1114 2399 erat,
1143 2333 1177 2383 et
1191 2340 1245 2403 per
1259 2340 1347 2402 agros

303 2404 434 2489 fugaque
451 2417 484 2467 et
500 2405 615 2483 credes;
639 2406 749 2469 deinde
763 2407 899 2487 undique
926 2406 1049 2469 diversis
1080 2406 1238 2471 itineribus
1254 2426 1346 2488 quum

303 2492 336 2553 in
351 2505 452 2555 castra
466 2514 498 2555 se
513 2492 709 2575 recepissent,
737 2492 815 2555 adeo
830 2503 957 2575 repente
973 2493 1103 2556 decessit
1117 2494 1227 2555 animis
1240 2512 1345 2575 pavor,

302 2590 339 2640 ut
364 2599 426 2641 non
448 2579 489 2642 ad
511 2579 704 2642 munimenta
725 2579 819 2642 modo
853 2578 1048 2642 defendenda
1069 2580 1142 2642 satis
1171 2578 1343 2642 animorum

304 2677 395 2744 esset,
410 2667 465 2727 sed
480 2667 572 2727 etiam
588 2667 627 2728 ad
644 2667 854 2728 lacessendum
869 2666 990 2728 hostem
1012 2666 1129 2750 proelio.
1172 2665 1345 2747 Erumpunt

305 2751 397 2832 igitur
418 2752 539 2833 agmine
563 2754 714 2830 ecastris,
737 2753 939 2834 tripudiantes
961 2773 1046 2814 more
1067 2773 1142 2828 suo;
1169 2755 1344 2834 repentina-

222 2841 240 2886 ’ἰ
305 2857 363 2917 que
377 2857 481 2898 eorum
496 2837 623 2899 audacia
637 2841 795 2900 terrorem¹
809 2839 904 2917 hosti,
932 2837 1035 2919 paullo
1056 2850 1129 2902 ante
1149 2839 1228 2900 ultro
1248 2838 1344 2901 laces·

304 2922 395 3000 senti,
408 2922 545 2984 incussit.
560 2923 663 3004 itaque
677 2936 710 2986 et
729 2924 795 3007 ipse
806 2922 982 2987 Hasdrubal
1004 2925 1036 2986 in
1058 2924 1168 2987 collem
1194 2925 1269 2988 satis
1296 2945 1344 2988 ar-

304 3009 408 3087 duum,
437 3010 591 3072 ’‘tntum‘l
605 3010 728 3072 flumine
753 3012 848 3072 etiam
868 3008 1002 3092 objecto,
1022 3013 1120 3074 ²⁷tum
1150 3011 1254 3094 copias
1274 3013 1344 3074 sub-

305 3096 400 3172 ducit,
427 3105 461 3157 et
488 3095 673 3179 praemissam
695 3096 791 3159 levem
815 3107 1000 3159 armatmam
1025 3097 1201 3178 equitesque
1227 3097 1345 3180 palatos

269 3206 272 3213 ¹
302 3183 410 3244 eodem
426 3181 553 3263 recipit:
577 3203 634 3244 nec
656 3194 711 3245 ant
732 3183 802 3244 colli
825 3195 879 3246 aut
903 3182 1019 3244 flumini
1046 3183 1121 3245 satis
1135 3183 1244 3261 fidens,
1266 3183 1344 3246 uallo

301 3281 402 3330 castra
422 3269 586 3350 permunit.
609 3266 646 3330 ln
665 3269 726 3330 hoc
751 3267 870 3332 alterno
901 3289 1012 3352 pavore
1037 3269 1205 3332 certamina
1228 3269 1345 3350 aliquot

300 3365 373 3417 sunt
393 3365 561 3418 contracta.
583 3374 640 3417 nec
665 3352 803 3417 Numida
826 3352 971 3438 Hispano
993 3374 1084 3435 eques
1104 3376 1160 3439 par
1184 3355 1263 3432 fuir;
1288 3375 1344 3418 nec

298 3528 564 3593 quartanam.
660 3527 770 3588 ,san
874 3501 1343 3591 cumessamsnsnsqqcm.

490 3604 503 3637 t
520 3593 628 3642 cusum
639 3591 702 3657 llup.
926 3603 938 3635 t
954 3601 1070 3658 tutrssaqas
1081 3591 1156 3642 Grau.

327 3740 350 3775 Β
367 3737 446 3794 Qrsmd
461 3740 569 3804 mettin]
594 3739 673 3794 Qnoed
690 3741 736 3789 boe
752 3741 804 3791 loco
836 3757 876 3792 eos
898 3756 955 3806 qnos
975 3741 1083 3806 Polybius
1105 3740 1256 3806 ltcprnolous
1273 3753 1347 3805 socst,

296 3815 410 3868 anusque
422 3821 446 3854 so
461 3797 537 3864 rimis,
553 3821 620 3868 usquc
635 3807 665 3854 sd
681 3807 707 3854 id
722 3814 805 3868 τωρωι
835 3808 883 3872 ipss
893 3807 1034 3872 Carpetanos
1048 3805 1347 3871 nmmnrsupntsxr.

295 3886 345 3932 quo.
377 3868 453 3932 Vulgo
470 3871 528 3919 editi
540 3870 627 3919 babent
642 3872 688 3920 ent
718 3869 805 3920 διὰτὸ
837 3873 894 3923 ab.

294 3936 365 3995 quood
392 3935 476 3984 nititur
502 3937 637 3985 sooeodtsts
666 3933 804 3998 mimorum
865 3935 887 3971 ὓ
911 3935 945 3984 Ab
969 3935 1082 4001 namu]
1113 3935 1210 3984 Omissis
1229 3935 1348 3992 Romsnis,

293 3999 412 4076 roduam:
436 4013 462 4052 st
485 4003 518 4050 sic
539 4001 624 4051 melius
643 4015 746 4050 concess
767 4012 804 4050 est
833 4000 949 4113 ¹Asdrubal
968 4001 992 4050 in
1018 4017 1069 4051 ssm
1090 4011 1184 4064 gentem
1205 4001 1275 4048 versis
1292 3999 1344 4048 bel-

292 4074 375 4113 orsno.
660 4111 662 4117 ,
844 4081 891 4114 um.

326 4123 350 4160 θ*
377 4127 407 4176 ln
428 4128 582 4179 Tartessiorum
600 4128 677 4196 gosis]
702 4129 741 4178 Sic
761 4127 804 4176 bs·
865 4128 889 4165 Ν
906 4127 1098 4195 lbtasnflsssiss]
1118 4129 1157 4179 Sic
1169 4129 1255 4194 scripti.
1285 4127 1345 4178 Vul-

293 4187 350 4236 bers
385 4193 495 4254 plurimos
530 4197 670 4258 eosdemque
705 4194 803 4258 optimos
833 4195 880 4258 gari
889 4203 1011 4260 turumqsoe.

294 4251 390 4328 scriptos
403 4268 501 4306 tenear
517 4261 656 4310 Gronovius.
687 4258 740 4310 Nec
756 4258 803 4307 dis·
866 4259 887 4297 ¹⁷
908 4259 965 4310 Tum
983 4259 1064 4328 copisa]
1088 4259 1213 4314 ueduata
1235 4259 1345 4330 particula

296 4328 401 4368 uanum
422 4322 502 4369 nutri.
533 4325 595 4374 Sans
616 4323 724 4384 condi,
742 4323 803 4387 qood
834 4331 890 4376 tun.

295 4393 381 4434 nomen
395 4384 433 4436 bic
450 4384 577 4456 legebatur,
593 4388 664 4454 ignoti
676 4388 749 4451 livio,
762 4389 803 4454 qui
