3092 5200
344 356 389 412 w
716 386 720 393 ·
752 342 957 405 'fllium

179 496 326 552 mil-5³⁵⁶
345 501 502 585 mdo
526 511 595 563 etat
620 498 726 582 copia,
747 520 812 561 non
835 508 997 581 perpetua,
1022 499 1146 559 arbusta
1166 498 1333 581 vacuoque,
1354 510 1392 565 et'

180 558 320 630 autu.

345 588 467 651 comita
487 588 592 649 mnnia
611 586 710 668 magis
735 586 875 663 amoeuia,
905 604 997 665 quarn
1023 585 1201 647 necessariis
1231 585 1389 649 buetibtu.

345 672 422 737 Hac
435 696 490 757 per
514 674 725 756 exploratores
749 672 848 734 relata
872 668 978 733 Fabio.
999 670 1102 740 Quum
1116 672 1192 733 satis
1207 672 1312 750 sciret,
1331 692 1389 755 per

346 760 469 823 eosdem
483 760 651 840 angustias,
676 758 785 841 quibus
803 754 971 820 intraverat
985 754 1147 819 Falernum
1162 776 1282 839 agrum,
1305 758 1390 819 redi-

344 858 461 924 mut,
483 845 661 908 Calliculam
693 855 830 906 montem
855 854 888 904 et
916 838 1083 905 Casilinum
1105 844 1390 927 occuputnnodiois

345 932 510 1015 presidiis3
532 952 600 1013 qua
624 931 707 1008 urbs,
736 927 888 991 Vulturno
915 928 1039 991 flumine
1060 930 1202 1007 disemt'a,
1226 928 1388 991 Falernum

346 1038 382 1080 ae
407 1017 598 1102 Cmpanam
624 1036 714 1099 agros
734 1016 862 1077 dividit:
894 1016 959 1097 ipse
982 1014 1065 1097 jugis
1086 1016 1196 1077 iisdem
1218 1016 1389 1079 exercitum

346 1104 474 1182 reducit,
488 1104 583 1166 misso
608 1103 800 1184 explorantur
816 1122 887 1163 cum
906 1102 1135 1183 quadringentis
1164 1103 1315 1186 equitibus
1335 1124 1387 1165 so-

251 1177 258 1191 ’
346 1190 464 1253 ciorum
489 1190 525 1253 h
536 1188 672 1251 Hostilio
696 1187 866 1250 Mancino:
893 1187 944 1267 qui
970 1208 1010 1249 ex
1029 1189 1118 1249 turba
1136 1186 1284 1270 juvenum
1299 1187 1389 1249 autli-

346 1277 465 1339 eutiutn
489 1296 569 1360 sape
591 1274 732 1337 ferociter
772 1273 1007 1337 concionantem
1037 1274 1216 1355 magistrum
1237 1274 1389 1355 equitnm,

346 1382 523 1444 progressus
536 1362 638 1445 primo
652 1360 854 1442 exploratoris
868 1361 971 1437 modo,
996 1372 1032 1421 ut
1055 1380 1094 1421 ex
1125 1372 1190 1421 tuto
1212 1360 1389 1442 speculato·

345 1458 397 1509 tur
416 1449 546 1526 bostem,
572 1446 624 1507 ubi
642 1467 735 1528 vagos
757 1446 870 1529 passim
892 1466 946 1527 per
963 1446 1042 1507 vicos
1062 1443 1210 1531 Numidps
1224 1446 1311 1523 vidit,
1330 1466 1390 1527 per

345 1534 540 1595 occasionem
555 1534 649 1595 etiam
664 1552 778 1615 paucos
798 1532 934 1594 occidit:
965 1533 1121 1613 extemplo
1136 1542 1302 1613 occupatus
1316 1552 1388 1594 cer-

346 1620 462 1681 tamine
475 1632 522 1682 est
544 1619 674 1695 animus,
693 1618 930 1699 excideruntque
955 1628 1109 1700 precepta
1123 1617 1298 1715 dictatoris}
1321 1619 1387 1699 qui,

264 1704 271 1716 ‘
339 1718 494 1786 ‘quornm
511 1716 580 1767 tuto
594 1715 708 1787 posset,
725 1724 918 1787 progressum
934 1704 1017 1785 prius
1043 1704 1177 1786 recipere
1198 1724 1263 1765 sese
1283 1722 1386 1784 Jusse-

344 1803 404 1869 rat‚
429 1811 521 1873 quarn
540 1792 580 1859 in
606 1802 804 1872 conspectum
827 1791 961 1852 hostirun
990 1789 1116 1852 veniret.
1157 1787 1308 1867 Numida,
1333 1790 1386 1852 olii

343 1888 438 1960 etque
455 1878 507 1938 alii
530 1878 728 1939 obcurscntes
756 1876 1009 1958 refitgientosque,
1031 1876 1072 1936 ad
1095 1887 1195 1938 castra
1217 1896 1311 1959 prope
1335 1877 1385 1957 ip-

231 2014 234 2020 .
342 1983 412 2025 tum
434 1984 505 2025 culn
531 1963 710 2044 fatigatione
725 1982 872 2044 equorum
899 1974 991 2043 atque
1020 1961 1179 2024 hominum
1200 1975 1385 2045 pertraxere.

343 2049 416 2111 inde
437 2048 598 2127 Karthalo,
625 2068 719 2131 penes
744 2068 834 2129 quem
861 2068 979 2111 sumina
1004 2050 1151 2129 equestris
1174 2049 1294 2130 imperii
1309 2060 1388 2127 erat,

343 2135 504 2197 concitetis
518 2136 604 2216 equis
629 2136 777 2213 invectio,
798 2155 891 2218 quum
919 2136 1011 2217 prius,
1029 2155 1119 2217 quant
1146 2136 1187 2197 ad
1213 2133 1387 2217 conjectum

287 2259 294 2267 ·
344 2220 536 2298 teliveniret,
564 2222 722 2283 avertimt
737 2221 869 2299 hostem,
898 2221 1030 2302 quinque
1050 2222 1147 2283 millia
1164 2221 1260 2283 ferme
1286 2222 1387 2283 conti·

344 2306 430 2367 nenti
444 2326 534 2368 eursu
548 2318 674 2371 secutus
687 2319 737 2369 est
756 2306 917 2389 fugientes.
961 2306 1136 2387 Mancinus,
1147 2319 1310 2391 postquam
1327 2328 1386 2369 nec

346 2391 466 2453 hostem
481 2392 626 2454 desistere
649 2394 745 2474 sequi,
771 2414 829 2456 nec
850 2415 936 2476 sporn
952 2394 1028 2457 vidit
1053 2392 1215 2477 effugiendi
1231 2414 1308 2473 esse,
1331 2414 1386 2455 co·

344 2476 485 2540 hortatus
513 2499 583 2541 suos
609 2480 641 2541 in
670 2479 810 2560 proelium
831 2476 933 2558 rediit,
956 2482 1040 2543 omui
1065 2493 1151 2565 parte
1166 2480 1273 2543 virium
1290 2480 1386 2563 inpar.

344 2560 454 2646 ltaque
467 2566 545 2648 ipse,
559 2574 592 2627 et
604 2565 715 2629 delecti
739 2567 888 2648 equitum,
903 2567 1101 2631 circumventi
1122 2568 1313 2632 occiduntur.
1333 2586 1386 2628 ce·

238 2651 242 2659 ’
342 2653 404 2712 teri
417 2652 627 2714 effuso-narnis
641 2653 835 2716 cursu'Cales
853 2654 996 2736 primurn,
1019 2655 1090 2716 inde
1109 2673 1203 2737 prope
1219 2654 1307 2714 inviis
1321 2653 1387 2714 ccl·-

344 2736 426 2799 libus
445 2738 488 2800 ad
500 2739 683 2801 dictatorem
697 2740 904 2822 perfugerant.
948 2737 996 2802 Eo
1020 2740 1098 2802 forte
1115 2741 1164 2802 die
1181 2739 1337 2802 Minucius
1351 2759 1387 2801 so

344 2823 546 2905 eonjmuat
566 2824 672 2904 Fabio,
693 2827 802 2888 missus
828 2828 867 2888 ad
893 2826 1075 2888 firmandum
1099 2827 1239 2910 prasidio
1262 2827 1384 2904 sultuna,

341 2912 394 2992 qui
408 2929 499 2993 supet
510 2909 719 2990 Teutonum,
734 2913 765 2973 in
781 2924 862 2976 anas
877 2925 1000 2976 coactus
1015 2913 1127 2992 lauces,
1154 2913 1283 2974 inminet
1297 2913 1384 2990 mari,

341 3015 384 3058 ue
406 2997 592 3060 ”inmunito
601 2997 710 3080 Appia
737 2998 835 3072 limite
848 2998 957 3061 Poenus
972 3000 1127 3082 pervenire
1152 3000 1184 3061 in
1199 3021 1305 3082 agrum
1320 2997 1386 3060 Ro·-

341 3101 468 3144 manurn
482 3095 596 3166 posset.
633 3083 814 3166 Conjunctis
828 3085 1011 3148 exercitibus
1034 3086 1216 3147 dictaturae
1241 3086 1383 3168 magister

341 3170 479 3250 equitum
508 3182 610 3232 casua
637 3171 669 3232 in
696 3173 778 3233 viam
805 3171 957 3251 deferunt,
973 3192 1035 3256 qua
1057 3171 1213 3234 Hannibal
1242 3174 1383 3235 ducturus

340 3267 420 3317 erat.
445 3257 506 3318 duo
521 3257 594 3319 inde
608 3258 706 3319 millia
718 3257 823 3320 hostes
845 3261 982 3321 aberant.

383 3339 472 3404 XVl.
494 3341 621 3406 Postero
647 3345 701 3406 (lie.
711 3343 808 3422 Poeni,
833 3345 918 3426 quod
931 3345 985 3406 viar
1000 3343 1080 3406 inter
1105 3345 1292 3406 binoeastra
1305 3354 1384 3423 erat,

340 3428 464 3508 agurium
491 3427 690 3510 complevere.
723 3428 825 3499 Quum
857 3430 987 3493 Romani
1010 3431 1065 3492 sub
1086 3432 1153 3513 ipso
1174 3431 1384 3492 constitissent

340 3513 432 3589 vallo,
457 3513 540 3574 baud
564 3514 656 3576 dubie
670 3516 802 3596 aequiore
817 3517 897 3595 loco,
912 3517 1057 3580 successit
1071 3529 1172 3580 minen
1187 3514 1295 3577 Poenus
1310 3535 1386 3576 otuu

343 3596 494 3678 expeditis
509 3599 687 3679 equitibw,
697 3612 792 3682 atque
804 3603 1061 3666 adlaoessendum
1075 3606 1196 3666 losum
1205 3602 1334 3684 carptim
1349 3613 1383 3663 et

341 3685 550 3830 procursando
577 3685 812 3769 recipiendoque
832 3710 898 3751 sese
913 3710 1093 3773 pugnavere.
1116 3691 1228 3752 restitit
1241 3709 1296 3750 suo
1312 3689 1382 3752 loco

373 3789 485 3831 omena
513 3770 604 3832 acles.
627 3771 712 3835 lenta
732 3795 836 3858 pugna
857 3787 889 3838 et
910 3797 950 3838 ex
972 3776 1130 3840 dictatoris
1152 3777 1260 3859 magis,
1290 3795 1383 3857 quarn

339 3853 534 3936 Hannibalis,
556 3858 614 3920 brit
626 3859 793 3923 voluntate.
815 3863 938 3926 ducenti
960 3865 998 3924 ab
1028 3862 1184 3943 Romanis,
1214 3863 1382 3946 octingenti

344 3942 479 4007 hostium
506 3944 653 4012 cecidere.
689 3945 826 4010 Inclusus
857 3948 930 4010 inde
955 3949 1048 4011 videri
1079 3948 1245 4028 Hannibal,
1266 3949 1315 4012 via
1342 3949 1382 4010 ad
1410 4019 1411 4024 η

342 4026 511 4093 Casilinum
526 4033 670 4095 obsessa:
693 4055 787 4115 quum
803 4031 910 4118 Capua
923 4046 956 4098 et
971 4033 1140 4116 Samnium,
1161 4047 1194 4099 et
1208 4027 1331 4100 tanturn
1343 4035 1381 4096 ab

732 4157 986 4222 'quitibutpuelloen

337 4252 507 4324 mm]
526 4255 846 4322 &utnon-mma
908 4260 929 4296 o
947 4257 1065 4309 rm
1080 4261 1157 4322 Apa
1170 4259 1250 4322 two]
1276 4261 1384 4309 stum

337 4321 486 4390 ψεψ,
504 4335 551 4370 m
567 4323 592 4370 tn
608 4324 846 4372 mammonas·
877 4324 1385 4387 appuli-‚amorlaudantis

337 4388 845 4459 Qrtpotemeaquuleadomtv
877 4403 970 4438 mmm
986 4404 1075 4453 ugrum,
1092 4391 1199 4441 nimbus
1215 4392 1320 4457 pratulo
1336 4403 1384 4440 tm

338 4451 614 4510 mumma
876 4465 945 4504 unt.
