3092 5200
445 383 521 446 ΜΒ.
536 377 649 446 xxut
669 381 751 446 ΟΑΡ.
764 379 913 446 xxx1x.
933 431 938 438 .
1147 393 1208 454 287

160 536 172 575 ‘
186 548 348 604 cumrenta
362 545 395 602 et
409 538 554 624 obpressa
568 540 631 604 sint
644 561 699 624 per
712 539 768 604 hos
784 539 870 618 ,dies¹
896 535 975 602 Fam
988 557 1042 602 vos
1056 537 1207 620 modern,
1219 555 1254 608 u.
1264 555 1294 608 o.
1304 555 1367 618 aaa.

159 627 171 660 ‘
184 624 288 690 Dellm
297 623 395 709 primo
404 625 605 710 benignitate,
617 627 689 693 dein
698 639 800 691 vestra
810 627 868 711 ipsi
876 621 998 705 virmte,
1012 624 1077 688 dies
1086 638 1206 690 noctes·
1219 621 1287 676 bc·
1297 621 1354 673 ²¹⁴·

160 713 243 796 ‘qne
257 714 422 797 perstando
433 735 469 776 ac
480 715 688 798 pervigilando
702 715 848 794 inarmis,
862 713 992 776 vitastis.
1002 713 1121 776 utinam
1136 713 1205 776 reli·

158 800 170 835 ‘
183 820 277 883 quum
287 813 408 885 ternpus
417 823 472 864 uec
482 802 630 885 patiendo
639 802 777 881 infanda,
784 822 842 864 nec
852 800 1125 880 iaciendo,traduci
1135 822 1208 883 pos·

158 886 170 921 ‘
184 883 242 950 sitl
260 889 287 928 '⁵
299 885 374 950 Herc
383 888 505 952 occulta
515 889 547 951 in
560 887 666 952 fraude
676 889 778 952 cantio
788 899 844 967 est,
853 907 915 970 qna
923 888 969 950 usi
981 887 1081 950 adhuc
1089 908 1207 951 sumus:

157 974 168 1008 ‘
184 973 234 1038 cni
243 975 387 1058 qnoniam
397 996 504 1058 parum
515 975 660 1055 succedit,
666 986 771 1060 aperte
782 996 818 1038 ac
828 975 985 1058 propalam
995 974 1094 1037 claves
1103 985 1202 1058 porta·

158 1060 169 1094 ‘
185 1081 251 1124 rum
263 1074 445 1144 reposcuut3
470 1083 545 1146 quas
560 1061 648 1126 simul
667 1063 890 1141 tradiderimus,
906 1060 1207 1144 Karthaginiensium

157 1148 338 1230 ‘extemplo
360 1146 473 1211 Henna
496 1149 564 1228 e'rit,
590 1147 759 1231 foediusque
783 1148 833 1211 hic
859 1147 1089 1228 trucidabimur,
1116 1169 1208 1232 qnam

156 1234 168 1267 ‘
182 1231 368 1317 Murgantiae
382 1236 555 1318 praesidinm
571 1234 765 1300 interfectum
777 1248 834 1299 est.
877 1233 1011 1298 Noctem
1021 1255 1116 1298 unam
1129 1257 1209 1318 aegre

157 1320 169 1355 ‘
182 1320 468 1386 ad'consnltandum
479 1323 585 1401 snmsi,
594 1343 653 1404 qua
661 1343 714 1384 vos
723 1322 866 1386 certiores
875 1322 1001 1405 periculi
1010 1322 1151 1386 instantis
1162 1323 1208 1384 ia-

155 1408 168 1440 ’
181 1427 294 1470 cerem.
331 1408 409 1472 Orta
421 1409 488 1472 lnce
500 1409 680 1472 concionem
692 1409 824 1472 habituri
837 1420 919 1488 sunt,
933 1409 973 1472 ad
984 1408 1207 1472 criminandum

156 1495 167 1528 ‘
182 1515 233 1558 me
245 1495 522 1578 concitandumque
537 1496 569 1558 in
580 1516 634 1558 vos
644 1495 801 1580 populum.
815 1495 920 1579 itaque
934 1497 1068 1559 crastino
1079 1495 1139 1575 die,
1154 1507 1208 1558 ant

155 1581 167 1616 ‘
181 1593 294 1660 vestro,
306 1594 362 1644 ant
375 1579 587 1644 Hennensium
601 1583 749 1666 sangnine
765 1579 879 1646 Henna
888 1583 1097 1646 innodabitur.
1113 1585 1139 1632 ἢ·
1151 1603 1208 1644 nec

156 1667 168 1702 ‘
181 1669 385 1752 praeoccupati
400 1689 485 1752 spem
498 1669 591 1730 ullam
601 1679 627 1746 ¹¹,
638 1689 696 1756 nec
706 1681 893 1752 occupantes
903 1667 1030 1752 periculi
1042 1669 1208 1752 quidquam

156 1754 168 1788 ‘
183 1753 349 1822 habebitis.
359 1754 412 1836 qui
426 1755 509 1838 prior
523 1755 680 1817 strinxerit
691 1754 815 1842 sermm,
826 1754 891 1837 ejus
902 1755 1030 1816 victoria
1042 1757 1110 1818 erit.
1155 1755 1208 1818 ln·

156 1840 168 1874 ‘
183 1841 263 1903 tenti
275 1861 461 1924 ergoomues
476 1841 644 1924 onustique
654 1841 775 1923 signnm
786 1840 1010 1924 ernpectabitis.
1021 1863 1079 1923 ego
1090 1842 1122 1904 in
1132 1863 1208 1904 con-

155 1927 167 1960 ‘
183 1925 272 1989 cions'
286 1948 358 1990 eros
376 1938 408 1989 et
421 1939 554 2011 ternpus,
570 1928 670 2009 quoad
686 1927 791 1990 omnia
805 1927 954 1990 instructa
967 1926 1040 2007 sint,
1055 1928 1208 2009 loquendo

156 2013 167 2047 ‘
182 2013 421 2098 altercandoque
432 2015 563 2078 traham.
596 2013 698 2085 Quum
707 2026 783 2096 toga
790 2014 911 2096 signum
922 2012 1045 2091 dedero,
1054 2026 1119 2076 turm
1131 2014 1207 2076 mihi

154 2099 318 2182 ‘undique
333 2100 466 2162 clamore
477 2101 597 2163 sublato
613 2101 734 2164 trrrbam
746 2100 894 2180 invadite,
908 2122 946 2162 ac
961 2102 1088 2164 sternite
1103 2102 1208 2168 omnia

155 2185 282 2249 ‘ferros
309 2197 342 2250 et
357 2197 474 2266 cavete,
496 2185 655 2270 qnisquam
677 2187 818 2270 supersit,
843 2187 993 2268 aquibus
1008 2187 1130 2266 antris,
1155 2199 1209 2250 ant

155 2273 167 2308 ‘
182 2271 265 2336 frans
276 2273 376 2337 timeri
390 2274 496 2356 possit.
520 2277 546 2322 ⁹⁷
556 2269 632 2351 Vos,
644 2270 737 2336 Ceres
747 2284 891 2336 materac
905 2271 1079 2356 Poserpina,
1088 2293 1207 2356 precor,

156 2359 167 2394 ⁸
183 2359 278 2422 ceteri
291 2361 391 2443 superi
404 2360 572 2442 infernique
583 2357 648 2438 Dii,
659 2360 710 2444 qni
722 2360 803 2422 hanc
815 2359 933 2438 urbem,
944 2359 1001 2422 hos
1012 2372 1147 2423 sacratos
1161 2360 1207 2423 la-

155 2446 167 2481 ‘
182 2465 237 2508 cus
247 2446 390 2528 lucosque
400 2447 556 2526 colitis,ut
565 2447 706 2509 itanobis
715 2447 854 2509 volentes
864 2445 988 2530 propitii
1000 2447 1116 2524 adsitis,
1127 2447 1153 2509 si
1162 2447 1207 2510 ri-

156 2533 295 2613 ‘tandae,
321 2552 384 2596 non
405 2533 547 2613 ferenda,
571 2533 687 2596 fraudis
711 2553 819 2596 caussa
838 2535 897 2595 hoc
918 2533 1038 2595 consilii
1059 2534 1208 2617 capimus.

155 2618 321 2683 ‘Pluribus
341 2642 405 2701 vos,
431 2622 556 2699 milites,
580 2621 729 2699 hortarer,
760 2622 879 2685 sicum
906 2620 1029 2683 armatis
1051 2618 1209 2685 dimicatio

154 2706 283 2769 ‘futura
304 2719 393 2771 esset.
416 2706 558 2787 inermes,
584 2706 723 2771 incautos
751 2708 793 2769 ad
814 2709 986 2771 satietatem
1007 2707 1208 2773 trucidabitis.

154 2793 165 2827 ‘
180 2790 224 2855 Et
238 2795 369 2857 consulis
384 2806 486 2857 castra
499 2796 531 2857 in
545 2795 716 2878 propinquo
731 2804 814 2876 sunt,
837 2815 877 2858 ne
892 2796 965 2877 qnid
976 2795 1016 2856 ab
1031 2792 1208 2859 Himilcone

155 2879 217 2943 ‘et
233 2878 539 2964 Karthaginiensibus
554 2882 655 2944 timeri
669 2882 778 2964 possit.

199 2964 350 3030 XXXIX.
382 2966 432 3029 Ab
461 2969 519 3030 hac
545 2968 758 3031 adhortatione
788 2968 905 3031 dimissi
934 2988 1064 3052 corpora
1091 2980 1209 3033 curant.

156 3050 287 3117 Postero
303 3053 353 3116 die
377 3053 428 3115 alii
444 3054 510 3117 aliis
531 3054 616 3133 locis,
636 3054 676 3117 ad
696 3053 866 3117 obsidenda
879 3052 990 3117 itinera
1004 3055 1207 3118 claudendas·

156 3158 218 3221 que
258 3138 478 3223 ⁹⁸oppidanis⁰
511 3140 621 3219 exitus,
657 3160 727 3223 pars
762 3141 899 3203 maxima
933 3159 1023 3223 snper
1054 3142 1208 3203 theatrum

156 3226 311 3307 circaque,
332 3224 451 3287 adsueti
471 3235 504 3289 et
524 3238 596 3289 ante
615 3226 796 3309 spectaculis
815 3225 1009 3304 concionum,
1031 3227 1209 3290 consissmt.

157 3309 328 3375 Productus
358 3312 398 3374 ad
427 3313 572 3395 populum
603 3334 623 3375 a
652 3312 880 3393 magistratibus
909 3312 1069 3395 praefectus
1093 3312 1209 3376 Roma-

154 3416 224 3475 nus,
247 3418 340 3481 qnnm
367 3399 499 3461 consulis
522 3418 560 3463 ea
585 3398 624 3460 de
647 3418 680 3461 rc
698 3398 749 3481 jus
775 3420 812 3461 ac
837 3399 1024 3483 potestatem
1046 3418 1123 3479 esse,
1146 3420 1208 3462 non

154 3504 255 3564 snam,
276 3497 313 3548 'st
331 3484 483 3568 ¹pleraque
513 3486 633 3564 eadem,
667 3494 733 3568 qnae
761 3486 869 3569 pridie,
894 3486 1023 3549 dixisset
1028 3509 1039 3565 3
1071 3486 1209 3570 ”primo

154 3571 280 3652 sensim,
303 3592 338 3635 ac
361 3572 473 3657 plnres,
497 3572 621 3636 reddere
647 3572 758 3653 clares,
784 3571 855 3636 dein
875 3572 942 3657 jam
968 3594 1030 3637 nna
1056 3594 1131 3637 voce
1154 3572 1210 3636 ¹id

222 3704 676 3768 sarsenatpmuomacm.
870 3679 1144 3776 ‹sappanrnassnp
1199 3698 1206 3771 ζ

187 3820 210 3859 ⁹⁹
226 3818 282 3871 Her
295 3822 382 3870 merrha
394 3822 420 3869 iu
429 3820 517 3885 froude
534 3823 607 3870 matio
622 3820 664 3885 est]
698 3806 775 3872 turam
796 3825 915 3874 accederet
934 3822 1048 3889 pedagii..
1084 3822 1133 3874 Nec
1150 3842 1208 3887 pre-

156 3886 263 3936 llrscest
274 3888 351 3937 cantio
365 3887 389 3935 in
407 3884 495 3935 occulta
509 3886 599 3946 frande,
614 3902 667 3951 sen,
697 3890 1036 3953 oernpmilralrclitr'rqnidqnnrs
1047 3890 1157 3954 perfugii,
1169 3893 1209 3940 ner

155 3950 208 4001 lues
219 3960 254 4001 est
269 3953 346 4003 mutio
359 3952 466 4001 adversus
477 3952 590 4001 occultam
603 3953 667 4001 frau-
698 3963 835 4017 ornspcntrs,
841 3955 946 4018 periodi.

155 4016 211 4066 dens
220 4018 302 4067 idonea
313 4016 524 4080 ecsufficiemqna
534 4016 666 4067 rnihncns-
729 4018 751 4055 ⁹⁷
770 4016 819 4083 l'os,
841 4016 905 4068 Ceres
924 4026 996 4066 secter
1014 4035 1042 4067 ae
1064 4016 1206 4084 Proserpina]

153 4098 201 4145 qne
211 4098 326 4197 idm&
333 4080 379 4132 Cui
389 4082 462 4196 iraqqi
471 4083 578 4197 qposriam
584 4098 664 4150 pamm
696 4081 854 4197 ¹lzsfel‘qione
866 4083 1083 4199 Οιιιὸἑίιέωιιιιὶι
1092 4086 1144 4137 side
1155 4085 1207 4138 oss.

154 4162 210 4197 mcc
239 4165 279 4199 ers
327 4162 557 4201 nemnem...
727 4162 769 4197 ,ιιι
803 4162 882 4200 erno.
1033 4184 1040 4197 .

187 4211 210 4249 Ν
234 4214 282 4264 Nor
299 4216 444 4277 preoccupati
469 4212 561 4277 pamla]
593 4210 665 4262 Pecu·
727 4213 750 4251 ⁹⁸
773 4212 905 4276 oppidanis]
927 4214 944 4261 S
970 4162 1085 4263 'oeqfcre
1105 4216 1208 4279 oppositis

156 4276 184 4324 ls'r'
199 4276 277 4341 procrss
295 4280 364 4327 dnbio
380 4280 495 4328 vitiosum.
528 4278 585 4328 Non
603 4280 665 4327 enim
698 4276 745 4327 'nr
757 4279 816 4343 apud
826 4278 891 4341 Vng.
904 4278 921 4327 i.
934 4293 963 4329 ιι.
1007 4294 1031 4328 n.
1054 4280 1207 4330 Ohsdendfl

153 4340 195 4389 hic
225 4344 349 4405 peculium,
379 4346 420 4393 sed
452 4355 520 4409 eaput
550 4344 666 4407 agebatur.
699 4344 783 4403 teliran
835 4345 943 4393 ariorum
954 4344 1059 4421 Oppositi.
1086 4390 1090 4397 ,
1203 4402 1207 4410 ι

154 4406 290 4484 Gronovius
309 4411 409 4471 suggerit
429 4425 459 4459 ex
480 4409 616 4473 quibusdam
637 4410 666 4457 li·
730 4411 752 4446 ⁹⁹
791 4410 940 4473 amanam]
956 4408 1066 4459 Libenter
1080 4410 1207 4476 prefigere·
1304 4428 1308 4435 ’

238 4486 296 4537 prm
324 4476 401 4523 ulica
440 4474 570 4539 (lampcnrn
597 4474 668 4524 babet
699 4475 818 4525 mushnic
830 4474 934 4522 membro
942 4476 1077 4537 particulam
1087 4487 1117 4526 st.

149 4470 251 4603 mlii
296 4536 393 4605 Pmplnr
411 4540 440 4592 ad
461 4540 575 4606 surana
595 4540 666 4608 serip-
731 4528 985 4609 fldorlnsijnltmrr]
1001 4538 1160 4597 vssrrtn.
