3092 5200
373 336 431 396 ms
790 331 874 404 rrrr
899 330 1001 388 orsu

205 471 360 554 munst}
415 477 483 542 Xlr
506 478 615 561 Legati
638 501 676 542 cx
690 479 798 543 Africa
821 480 954 544 Ronrani
975 480 1065 542 simul
1084 479 1419 564 Karthaginiensesque

205 567 349 642 Aac-‚2⁰2
373 585 466 646 quarn
488 567 641 630 venissent
655 565 797 645 Romam,
820 580 943 630 senatus
966 566 1007 628 ad
1030 565 1127 628 aedcm
1140 563 1285 630 Bellonae
1304 565 1418 627 babitus

203 629 354 756 ἓξὲξ·
373 665 430 716 est.
456 653 507 714 ubi
531 674 622 734 quarn
648 649 684 714 L.
703 647 847 716 Veturius
871 651 969 729 Philo,
1002 664 1170 738 pugnatum
1195 674 1274 714 curn
1303 647 1415 714 Hanni-

204 775 243 810 m
252 761 348 812 Romam
373 739 440 800 bele
455 759 521 801 esse
535 742 561 778 ⁶⁶
571 759 712 822 suprema
727 737 1032 820 Karthaginiensibus
1047 760 1162 822 pugna,
1176 739 1338 820 linemquc
1350 751 1414 800 tan·

205 826 309 878 veniunt.
372 824 443 886 dern
468 825 583 908 lugubri
609 825 687 887 bello
713 825 880 908 inpositurn
905 826 1020 906 ingenti
1047 825 1153 888 latitia
1167 822 1301 887 Patrum
1325 845 1413 908 expo·

370 913 497 989 suismt3
534 910 659 992 adjecit,
691 909 869 972 Verminam
895 913 1001 990 etiam,
1029 907 1181 996 Syphacis
1213 909 1326 988 filium,
1354 932 1413 991 quc

369 1017 461 1080 parva
482 999 559 1060 bene
573 1008 666 1078 gestas
680 997 723 1057 rei
746 995 881 1059 accessio
896 1010 974 1075 erat,
995 997 1158 1060 devictum.
1185 997 1220 1060 in
1238 998 1411 1059 concionem

368 1083 441 1146 iude
454 1084 575 1166 prodire
584 1081 698 1164 jussus,
720 1083 924 1166 gaudiumque
938 1085 970 1146 id
986 1083 1097 1167 populo
1112 1081 1269 1164 inpertire
1277 1095 1299 1144 ¹.
1338 1081 1412 1144 'lirrn

369 1181 506 1251 patuere,
521 1168 604 1230 lacta
618 1168 833 1250 gratulatione,
854 1169 961 1232 omnia
974 1171 1005 1231 in
1020 1169 1095 1231 urbe
1110 1169 1244 1252 templa,
1268 1167 1411 1252 supplies·

370 1254 529 1336 tionesque
555 1256 587 1316 in
614 1255 744 1316 triduum
767 1256 908 1318 decreta.
964 1253 1087 1337 Legatis
1111 1253 1408 1337 Karthaginiensium

370 1353 403 1402 et
417 1339 546 1423 Philippi
574 1341 652 1422 regis
681 1339 763 1420 (uam
790 1341 810 1401 ii
835 1362 956 1422 quoque
980 1341 1140 1422 venerant)
1167 1341 1354 1424 petentibus,
1375 1349 1408 1400 nt

369 1439 493 1489 senatus
516 1427 573 1488 sibi
597 1427 727 1504 daretur,
755 1448 932 1509 responsum
951 1427 1039 1509 jussu
1055 1425 1179 1490 Petrum
1201 1429 1247 1488 ab
1271 1427 1410 1488 dictatore

370 1524 428 1591 est,
444 1514 581 1575 consules
603 1534 699 1574 novos
719 1513 762 1574 eis
784 1526 926 1575 senatum
949 1513 1072 1576 daturos
1095 1535 1170 1575 csse.
1216 1511 1409 1575 comitiatu-

370 1599 409 1663 de
431 1599 544 1660 habita
566 1600 661 1662 creati
686 1599 825 1660 consules
850 1597 1076 1661 Cn.Cornclius
1088 1598 1248 1676 Lentulus,
1274 1597 1308 1660 P.
1318 1595 1409 1660 AElius

370 1683 489 1746 Paetus:
518 1685 675 1764 Praetores,
701 1683 748 1746 M.
763 1682 874 1746 Junius
890 1683 1021 1765 Pennus,
1048 1687 1096 1746 cui
1120 1707 1185 1748 sors
1207 1686 1326 1747 urbana
1345 1705 1408 1745 ere-

371 1771 435 1846 uit3
460 1767 507 1832 M.
522 1769 660 1832 Valerius
683 1769 773 1832 Falto
797 1769 946 1848 Bruttios,
972 1767 1020 1833 M.
1047 1769 1159 1834 Fabius
1181 1769 1284 1834 Buteo
1310 1767 1407 1832 Sardi·

305 1902 311 1917 .
371 1855 466 1934 niarn,
493 1854 526 1918 P.
541 1853 640 1920 AElius
659 1853 783 1918 Tubero
804 1855 938 1918 Siciliam
965 1869 1012 1919 est
1036 1859 1173 1920 sortitus.
1217 1857 1266 1919 De
1314 1855 1405 1918 rorin·

372 1942 427 2004 ciis
443 1942 598 2004 consulum
614 1943 690 2004 nihil
713 1954 785 2004 erite
809 1943 950 2025 placebat
972 1943 1035 2026 agi,
1060 1965 1153 2025 quarn
1176 1943 1269 2026 legati
1282 1879 1405 2024 ilhnippi

373 2029 452 2110 regis
467 2039 500 2090 et
515 2027 817 2110 Karthaginiensium
840 2029 936 2090 auditi
952 2041 1063 2092 essent.
1084 2029 1159 2092 belli
1172 2029 1264 2092 finem
1279 2027 1406 2104 alterius,

263 2119 271 2133 ‘
300 2120 338 2172 ⁸.
371 2113 552 2198 principium
593 2115 717 2176 alterius
754 2115 979 2197 prospiciebant
1020 2116 1141 2178 animis.
1197 2115 1252 2178 Cn.
1264 2113 1403 2176 lentulus

372 2201 478 2263 consul
505 2200 673 2281 eupiditate
700 2199 849 2282 flagrabat
874 2201 1035 2283 provinciae
1059 2200 1192 2280 Africae;
1219 2222 1268 2262 sen
1293 2199 1402 2258 bellurn

372 2283 461 2364 foret,
477 2286 597 2348 facilem
611 2287 783 2364 victoriam,
808 2308 861 2348 seu
875 2285 942 2368 jam
956 2285 1104 2365 liniretur,
1119 2291 1146 2333 ⁶⁷
1156 2285 1231 2350 finiti
1245 2285 1322 2349 tanti
1335 2281 1402 2344 belli

372 2393 406 2436 se
422 2373 544 2434 consule
558 2372 686 2453 gloriam
708 2385 826 2454 petens.
869 2370 992 2453 Negare
1015 2373 1118 2453 itaque
1141 2375 1224 2456 prins
1244 2371 1402 2453 quidquam

371 2458 421 2538 agi
448 2478 617 2540 passurum,
639 2477 730 2540 quarn
754 2458 812 2518 sibi
836 2457 942 2520 At'rica
968 2459 1092 2520 decreta
1111 2472 1201 2537 esset,
1223 2455 1404 2520 concedente

369 2543 497 2624 collega,
523 2543 681 2606 moderato
706 2544 770 2605 viro
793 2555 826 2606 et
847 2543 990 2626 prudenti
1001 2567 1013 2621 3
1039 2545 1090 2625 qni
1108 2545 1209 2627 gloria
1228 2543 1291 2626 ejus
1305 2551 1402 2605 certa·

368 2648 440 2727 rnen
455 2649 525 2690 curn
541 2626 695 2709 Scipione,
721 2640 935 2729 praeterquam·
946 2630 1030 2730 quqd
1052 2632 1179 2711 iniquum
1195 2642 1280 2705 esset,
1306 2643 1399 2723 encra

369 2714 877 2883 ittfflnltlttrttt‘ltrffi
886 2709 1401 2883 lffililhffiirlllqiii

371 2887 381 2919 ‘
397 2886 595 2949 tentatamsb
606 2880 656 2949 Ti.
668 2884 798 2949 Claudio
806 2888 942 2965 consule,
954 2886 1011 2951 Cn.
1020 2886 1197 2951 Cornelium
1206 2882 1330 2948 tentare’
1342 2881 1401 2943 aie-

369 2973 455 3033 baut
498 2970 565 3033 ‘Ex
581 2974 762 3037 auctoritate
775 2971 899 3035 Petrum
914 2973 1010 3035 latum
1024 2974 1065 3035 ad
1079 2971 1223 3056 populum
1233 2993 1309 3047 esse,
1319 2967 1402 3059 ⁴eujus

370 3056 382 3090 ‘
397 3058 508 3119 vellent
518 3058 678 3141 imperium
688 3060 720 3119 in
732 3058 839 3121 Africa
847 3081 924 3123 esse.
968 3056 1084 3121 Omnes
1095 3060 1227 3143 quinque
1242 3070 1274 3121 et
1283 3054 1403 3137 triginta

370 3143 380 3175 ‘
395 3142 490 3205 tribus
505 3142 539 3205 P.
548 3140 684 3225 Scipioni
701 3145 732 3206 id
746 3145 906 3227 imperium
919 3144 1077 3207 decresse.’
1118 3140 1227 3207 Multis
1238 3139 1401 3206 contentio-

369 3228 469 3308 nibus,
484 3242 516 3291 et
531 3231 561 3291 in
576 3242 685 3293 senatu
700 3243 732 3293 et
752 3230 793 3293 ad
807 3230 954 3314 populum
968 3244 1041 3295 aeta
1054 3253 1113 3309 res,
1133 3242 1288 3329 postremo
1302 3249 1337 3289 eo
1351 3223 1401 3287 de-

370 3314 464 3381 ducta
477 3326 533 3393 est,
558 3327 593 3377 ut
613 3316 732 3379 senatui
748 3317 972 3397 permitterent.
1014 3314 1120 3379 Patres
1135 3316 1226 3399 igitur
1241 3313 1334 3397 jurati
1350 3310 1401 3389 (ita

370 3399 472 3463 enirn·
488 3402 682 3482 convenerat)
709 3414 903 3479 censuerunt,
924 3404 970 3464 uti
995 3402 1132 3465 consuler
1141 3402 1316 3489 provincias
1329 3399 1402 3459 inter

370 3506 404 3549 se
418 3498 640 3569 compararent,
662 3490 889 3565 sortirenturve,
902 3500 971 3551 uter
984 3484 1117 3568 Italiam,
1131 3501 1199 3550 uter
1213 3489 1338 3549 classem
1351 3503 1400 3544 ns-

368 3571 452 3635 vium
468 3573 830 3655 qninquagintahoberet
854 3570 912 3635 Cui
923 3573 1221 3653 classisobvcnisset,
1232 3574 1265 3634 in
1276 3568 1398 3633 Sicihem

369 3658 544 3739 navigaret:
568 3660 594 3721 si
615 3679 676 3741 pax
705 3680 775 3721 cum
800 3657 1106 3742 Karthaginiensibus
1124 3660 1271 3743 componi
1291 3654 1399 3737 nequis·

369 3755 427 3822 set,
442 3744 473 3805 in
488 3743 626 3823 Africam
641 3743 809 3827 trajiceret.
852 3742 966 3808 Consul
981 3747 1069 3825 mari,
1091 3742 1200 3829 Scipio
1211 3744 1326 3821 eodem,
1343 3759 1402 3823 quo

563 3878 693 3939 'impertire
701 3876 777 3949 ¹Gron.
789 3877 857 3926 Crev.
1010 3876 1220 3926 'enindehlind

371 4001 466 4039 xxxrx.
486 3987 556 4039 ctu.
581 3988 642 4038 lardi
663 3990 764 4038 Territa
780 4007 820 4052 prr
842 3991 875 4039 bt·
903 3966 1084 4055 'rammam
1116 3985 1163 4039 Sed
1179 3991 1344 4040 incommodent
1358 4000 1402 4052 μ·

369 4054 439 4103 hm
448 4054 520 4120 seni.
552 4055 592 4104 De
603 4054 736 4105 Cerealibus
753 4056 813 4105 lodis
827 4056 874 4111 yid.
907 4056 1000 4103 rernm
1012 4057 1097 4106 enirm
1110 4055 1193 4118 uena
1202 4057 1288 4105 codex.

367 4112 642 4231 1¹2⁰illimv'c'ciir‘r
673 4184 789 4233 numni
907 4114 1404 4246 “histili‘llhl‘d'l‘fflllss

368 4244 412 4309 nn]
426 4200 876 4325 Puffluaesmrddra,pmmmleii
905 4250 959 4297 mle.
991 4250 1052 4297 Sane
1068 4202 1190 4314 :ppnrebrt
1205 4248 1400 4324 bellnm'eocfl·

623 4306 684 4427 nr
698 4314 826 4429 {rins
837 4331 874 4363 r
905 4314 1055 4427 nnn
1067 4306 1404 4429 wmrnss

368 4391 461 4505 quoii·
479 4442 536 4492 erin
553 4392 726 4494 inserentibus
745 4456 799 4495 anre
817 4394 877 4495 ἐς,
905 4395 1029 4509 misione.
1040 4392 1080 4444 μ
