3092 5200
303 342 378 409 ‘1sa
740 344 825 407 πη
845 344 945 407 tavu

150 516 185 568 u.
196 518 296 571 aare.
318 502 445 564 ‘mus
455 498 658 577 adamum,
667 496 795 580 digressi
805 500 844 561 ab
855 496 1032 582 conloquid,
1038 502 1195 585 extemplo
1201 504 1233 566 in
1239 526 1363 570 eumar-

151 582 225 637 Μ·
235 584 292 639 ¹¹⁶·
320 587 333 623 ‘
346 586 517 650 meremus?
530 584 581 647 Ab
587 586 733 668 hospitali
742 606 849 648 mensa
859 588 987 667 augias,
999 586 1039 649 tid
1048 607 1139 669 quam
1152 592 1258 653 tertius
1270 591 1363 657 Cam·

321 675 495 757 ‘panorum
513 671 666 733 adbibims
676 692 708 732 es
720 671 763 767 pb
772 670 957 751 Hannibale,
983 684 1018 735 ut
1028 694 1096 736 eam
1111 676 1208 757 ipsam
1225 699 1363 743 mensam

183 773 187 781 ’
213 758 216 763 ’
320 760 520 823 ‘cruentares
531 757 662 840 hospitis
674 756 840 838 sunguine?
874 756 1079 821 Hannibalem
1095 772 1182 843 pater
1203 764 1266 827 lilio
1291 788 1362 831 meo

148 844 153 852 ’
321 845 432 929 ‘potui
448 846 581 927 phesse,
591 842 687 905 filium
701 840 869 905 Hannibali
890 863 953 906 non
965 846 1107 929 possum?
1137 844 1199 910 Sed
1225 852 1265 913 sit
1284 852 1361 913 nihil

321 933 332 967 ‘
347 931 456 1009 sancti,
470 950 532 992 non
543 928 630 1007 iides,
641 948 703 990 uon
712 928 830 1009 religio,
843 950 903 990 non
913 930 1026 1013 pietas:
1044 934 1212 996 audeantur
1226 936 1363 1017 infanda,

321 1017 446 1081 ‘sinon
492 1016 619 1077 rniciem
627 1014 1081 1080 nobiscumsoelereadierunt
1097 1016 1186 1081 Unus
1202 1022 1361 1107 adgressu'·
1428 1096 1432 1103 ,

322 1105 334 1140 ‘
347 1038 743 1181 maildnoimiemiquid
751 1099 1359 1191 illaturbatotliberorumservommque?

321 1191 333 1224 ‘
346 1189 421 1270 quid
432 1188 463 1249 in
475 1207 569 1249 unum
579 1186 690 1248 intenti
702 1187 839 1249 omnium
847 1188 947 1250 oculi?
960 1190 1033 1270 quid
1042 1202 1089 1254 tot
1099 1192 1229 1255 dextra?
1243 1206 1361 1278 torpes-

319 1277 332 1310 ‘
346 1287 458 1338 centne
467 1274 497 1334 in
511 1272 644 1335 amentia
658 1271 727 1334 illal
753 1270 879 1335 Vultum
896 1272 989 1359 ipsius
1002 1275 1193 1356 Hannibalis,
1206 1301 1295 1361 quem
1313 1302 1363 1343 ar-

214 1368 217 1373 ’
308 1360 332 1395 ·‘
346 1361 421 1426 mati
432 1360 582 1422 errercitus
592 1359 740 1420 sustinere
752 1372 915 1441 nequeunt,
930 1380 1020 1443 quem
1033 1364 1136 1425 horret
1152 1367 1281 1447 populus
1297 1366 1362 1429 Ro·

319 1448 505 1525 ‘manus,tu
514 1443 691 1507 sustinebis?
709 1456 751 1523 et,
763 1444 843 1506 ralia
849 1446 964 1507 auxilia
975 1448 1083 1527 desint,
1090 1463 1140 1511 me
1149 1452 1247 1534 ipsum
1262 1453 1368 1531 ferire,

299 1567 301 1573 s
319 1533 455 1617 ‘corpus
466 1552 569 1593 meum
583 1531 790 1613 obponentem
811 1550 867 1614 pro
884 1552 1011 1614 corpore
1027 1533 1218 1615 Hannibalis,
1230 1540 1361 1602 sustine·

319 1619 331 1653 ‘
345 1618 412 1683 bisi
422 1617 517 1700 Atqui
528 1638 581 1699 per
590 1636 691 1679 meum
706 1626 814 1700 pectus
830 1619 980 1699 petendus
994 1620 1045 1683 ille
1060 1618 1117 1683 tibi
1127 1624 1363 1707 transfigendus-

318 1706 330 1740 ‘
345 1702 470 1787 quaest.
487 1703 631 1766 deterreri
642 1703 693 1763 hic
704 1702 769 1764 siue
782 1712 813 1765 te
825 1704 938 1785 potius,
950 1726 1042 1787 quam
1054 1706 1115 1769 illic
1128 1708 1218 1771 vinci.
1231 1708 1362 1775 Valeant

345 1812 449 1874 preces
465 1792 592 1874 apudte
606 1810 692 1866 meas,
714 1788 793 1851 sicut
808 1810 863 1872 pro
886 1800 918 1853 te
941 1792 1033 1855 hodie
1047 1794 1228 1858 valuerunt!
1258 1796 1361 1861 lacri-

319 1890 455 1942 mantem
478 1878 548 1939 inde
558 1875 701 1959 juvenem
717 1896 854 1955 cernens,
870 1878 1002 1941 medium
1019 1880 1243 1963 complectitur,
1259 1896 1364 1967 atque,

319 1966 426 2030 osculo
453 1966 577 2041 herens,
596 1984 657 2025 non
684 1974 757 2024 ante
773 1964 913 2047 precibus
929 1966 1056 2044 abstitit,
1071 1988 1160 2049 quam
1177 1970 1312 2051 peruicit,
1327 1983 1363 2035 ut

318 2052 454 2135 gladium
464 2062 603 2135 poneret,
618 2049 769 2131 fidemque
785 2050 882 2129 daret,
894 2051 969 2113 nihil
981 2052 1130 2115 iacturum
1139 2056 1209 2117 tale.
1223 2053 1304 2117 Tum
1309 2055 1361 2139 ju·

276 2158 281 2163 ·
319 2140 416 2216 venis,
442 2136 531 2219 ‘Ego
547 2120 690 2216 quidem,’
707 2136 817 2217 inquit,
843 2137 955 2218 ‘quam
970 2141 1074 2222 patriae
1089 2138 1197 2219 debeo,
1216 2140 1364 2225 pietatem

212 2244 217 2251 ·
320 2224 500 2286 ‘exsolvam
521 2222 612 2303 patri.
638 2232 722 2282 tuam
737 2222 828 2285 doleo
849 2223 957 2302 vicem,
975 2226 1085 2287 culter
1107 2227 1234 2309 prodita
1257 2214 1378 2311 patrii

320 2311 333 2344 ‘
346 2308 554 2371 sustinendum
564 2318 611 2369 est
624 2307 739 2370 crimen
745 2331 755 2387 3
766 2309 871 2387 semel,
888 2330 981 2390 quum
997 2310 1176 2374 deiectionis
1194 2314 1233 2375 ab
1247 2314 1362 2377 Roma-

321 2397 332 2429 ‘
348 2397 411 2474 nis;
435 2396 556 2473 iterum,
576 2414 668 2475 quum
681 2395 764 2478 pacis
775 2416 845 2457 eum
857 2394 1031 2459 Hannibale
1043 2398 1126 2461 inisti
1136 2413 1256 2478 auctor3
1273 2402 1364 2465 tertio

320 2484 333 2518 ‘
346 2482 547 2565 hodie,quum
560 2480 750 2544 restituenda
758 2480 907 2543 Romanis
919 2482 1031 2567 Capuae
1040 2506 1127 2547 mora
1138 2496 1228 2567 atque
1243 2486 1363 2569 inpedi-

320 2570 333 2605 ‘
347 2582 482 2634 mentum
495 2592 537 2633 es.
565 2566 625 2647 Tu,
646 2567 892 2652 patria‚fer1·um,
907 2591 968 2653 quo
981 2593 1036 2656 pro
1051 2583 1083 2635 te
1099 2584 1230 2636 armatus
1246 2565 1365 2639 ”hane

320 2659 447 2720 ‘arcem
463 2655 624 2720 defendere
650 2655 800 2734 volebam,
818 2657 900 2719 hosti
924 2659 1049 2720 minime
1073 2681 1209 2742 parcens,
1224 2661 1362 2741 quando·

320 2745 455 2830 ‘parens
470 2752 640 2825 extorquet,
656 2739 778 2825 recipe?
832 2741 906 2805 Haec
922 2767 1015 2826 quum
1025 2746 1166 2825 dixisset,
1180 2747 1314 2828 gladium
1330 2747 1364 2808 in

309 2832 475 2918 ¹publicum
485 2843 568 2894 trans
577 2830 741 2891 maceriam
751 2829 831 2892 horti
848 2830 979 2912 abjecit:
1004 2844 1046 2911 et,
1056 2853 1118 2914 quo
1130 2832 1227 2895 minus
1238 2855 1285 2896 res
1297 2855 1363 2900 sus·

319 2932 412 3004 pecta
422 2929 512 2997 esset,
527 2939 560 2979 se
571 2918 635 2999 ipse
650 2916 787 2978 convivio
802 2917 944 2980 reddidit.

152 3006 274 3058 Burbu
363 3005 406 3068 X.
428 3003 551 3072 Postero
581 3003 631 3065 die
663 3013 786 3064 senatus
816 3003 955 3086 frequens
983 3004 1072 3068 datus
1099 3005 1277 3070 Hannibali.
1311 3009 1363 3070 ubi

150 3071 286 3200 lgm?
321 3094 421 3177 prima
451 3089 515 3174 ejus
537 3090 636 3152 oratio
663 3089 831 3173 perblanda
859 3112 895 3152 ac
918 3091 1050 3174 benigna
1072 3092 1140 3173 fuit,
1163 3113 1224 3176 qua
1252 3086 1364 3176 gratias

152 3204 301 3270 Ullam*
352 3209 984 3259 Putracrotisdamensisissemuss-——omrorsmuri
999 3209 1076 3260 Grou.
1259 3209 1366 3276 saurga

152 3266 196 3320 lut·
319 3275 348 3324 ob
357 3275 380 3324 b.
389 3291 420 3325 rs.
433 3274 504 3324 Gron.
518 3273 587 3321 Cres.
603 3271 679 3336 psallo
689 3284 755 3335 post:
772 3273 886 3320 addition
895 3272 923 3319 ab
933 3271 967 3321 H.
978 3289 999 3320 ar
1010 3273 1073 3323 Eaed.
1150 3281 1161 3307 Ρ
1171 3283 1192 3324 et
1202 3274 1247 3336 leg.
1257 3273 1366 3324 utDoer.

320 3347 330 3374 ⁸
340 3341 397 3390 isac
404 3355 477 3388 sm
486 3341 511 3390 d.
518 3354 540 3386 o.
551 3338 575 3386 ls.
586 3353 616 3385 ra.
625 3353 650 3398 p.
660 3338 747 3399 quosue
757 3337 802 3396 leg.
813 3337 872 3385 bana
881 3351 953 3384 amm
965 3338 1057 3385 bostium
1067 3337 1119 3392 inii.
1128 3341 1214 3399 qnando
1223 3339 1295 3387 Docr.
1304 3337 1365 3404 Rup.

319 3447 369 3481 m
408 3429 469 3478 Har
488 3427 613 3476 minima
633 3437 668 3473 est
690 3441 717 3473 sc
736 3425 828 3472 verissi·
859 3425 937 3473 livius
951 3425 975 3474 in
993 3438 1041 3475 tots
1055 3426 1097 3476 bac
1115 3430 1217 3475 orstiorm
1232 3427 1367 3480 observavit.

319 3491 611 3621 amnne
613 3501 826 3617 mna
1133 3493 1280 3620 {nin

319 3623 424 3688 probabis
452 3622 529 3682 magia
577 3617 653 3680 Vulgo
669 3618 773 3680 legum,
802 3627 829 3666 at
858 3620 1076 3679 gioneronsecrstss
1090 3637 1170 3670 mnus
1187 3624 1211 3669 'ur
1229 3637 1283 3671 eum
1294 3637 1368 3672 srmo-

320 3689 411 3736 srcrotis
439 3687 468 3734 ds
498 3685 577 3732 mais
603 3691 706 3732 aaut:
739 3684 829 3746 digressi
858 3687 954 3734 remus?

320 3748 689 3814 abcolloqrtio...·amsrmur?
703 3747 765 3795 uuila
775 3747 828 3797 satir
891 3751 914 3786 ³²
934 3750 1001 3800 Horra
1026 3765 1097 3800 arsam
1127 3749 1242 3816 dffandm
1269 3752 1373 3812 widun,

320 3817 387 3866 sm·
400 3816 509 3864 librorum
526 3813 669 3872 ammian,
689 3822 714 3860 ιι
732 3823 828 3876 mr·
860 3813 915 3862 roas
934 3817 1023 3864 nasse
1042 3791 1143 3878 μηδι]
1171 3817 1231 3865 ase
1252 3817 1369 3880 inquinans

320 3898 350 3933 ss
368 3883 510 3942 indagator
532 3889 557 3927 st
579 3877 724 3926 mcmduns.
768 3878 831 3926 lnirs
860 3891 922 3936 sunt.
941 3891 966 3930 rt
987 3880 1047 3928 ursle
1064 3882 1150 3928 assutis
1169 3883 1306 3932 centonibus
1326 3882 1367 3931 de*-

320 3947 385 3996 snirn
401 3945 511 4007 lanima
524 3957 600 3990 m
614 3943 642 3991 dt
659 3943 761 3992 marios
779 3957 830 4004 qua
849 3945 963 3993 domans.
1007 3945 1076 3993 Unus
1098 3959 1113 3993 s
1138 3947 1223 3993 rosim
1248 3949 1317 3996 codd:
1337 3947 1370 3996 rb

321 4012 430 4078 repetitio
448 4010 528 4070 frigida
548 4018 618 4064 ner.
638 4007 657 4056 α’
676 4006 724 4072 jsur
741 4008 771 4056 de
793 4023 829 4054 sr-
861 4007 977 4074 defendere
996 4010 1089 4058 ωΙώω
1116 4019 1141 4057 ct
1162 4025 1253 4070 pomus
1275 4005 1370 4061 erbrbe't

322 4081 390 4126 erotis
409 4077 487 4124 nensis
505 4083 582 4122 sctum
603 4073 672 4120 foret.
707 4072 763 4120 Non
784 4083 829 4134 est,
860 4087 927 4135 supra
947 4074 1032 4122 lineam
1054 4073 1083 4121 sb
1106 4073 1179 4122 aliens
1200 4075 1280 4137 pmcul
1300 4069 1371 4140 dirbio

322 4153 370 4190 use
384 4141 433 4190 ullo
449 4151 515 4204 preto
535 4151 585 4186 esso
605 4137 674 4185 debet
690 4138 715 4184 in
732 4151 761 4185 eo
778 4136 830 4184 loco
860 4149 930 4184 manu
943 4140 1039 4203 adjecta.
1073 4137 1125 4186 Pur.
1141 4138 1283 4197 iibsrsbrnc
1297 4145 1369 4188 amai·

322 4221 392 4266 quarn
412 4205 573 4269 perpendimus
591 4201 621 4250 ds
638 4217 710 4250 ιω
729 4201 830 4262 hospitali
860 4201 994 4251 toerranna:
1009 4204 1070 4252 uude
1081 4201 1200 4251 Rubenius
1215 4197 1297 4263 efficit,
1313 4203 1371 4253 barra

322 4283 405 4326 sermo,
427 4271 467 4316 sed
487 4279 579 4317 tantum
603 4268 633 4315 ds
657 4281 686 4313 eo
714 4265 829 4328 colloquio
860 4279 932 4313 ursan
957 4269 1050 4316 badura
1081 4269 1130 4315 inii.
1176 4265 1295 4316 Nimimur
1318 4261 1369 4318 l’e-

322 4347 368 4406 quo
393 4332 528 4381 Annonem
556 4342 621 4395 parer
646 4331 695 4378 lilio
717 4331 827 4394 ρῑιανίει
859 4329 1299 4382 rollsnonincommodsvorstdomum
1310 4346 1374 4392 ssu,

319 4409 440 4514 xpm
451 4397 727 4526 masmim
746 4409 828 4512 μυὲζ
858 4409 939 4512 lagu
948 4398 1101 4450 dbrnabstur
1110 4393 1222 4460 Annibal,
1237 4413 1309 4448 arcem
1323 4400 1371 4448 los-

443 4474 452 4520 ί
674 4475 786 4513 manse
917 4494 923 4509 .
