3092 5200
305 269 366 324 sto
715 261 801 322 'rm
818 259 921 319 leu

135 430 213 484 tho.
225 429 283 482 stt.
307 429 409 482 castre
431 417 573 480 Romana
587 417 756 495 invaderet,
781 417 900 477 intento
914 414 1040 475 consule
1054 414 1096 474 ad
1106 413 1276 476 Casilinum
1298 417 1358 477 ob-

134 495 280 549 'A·‘⁰·²¹⁴·
309 505 519 590 pugnandum.
543 501 629 566 Nihil
638 524 742 565 eorum
755 500 884 563 Fabium
899 499 1017 562 fefellit.
1042 496 1149 580 Itaque
1157 499 1272 562 Nolam
1283 501 1358 587 'lad

311 592 461 673 collegam
472 590 580 668 mittit,
590 591 701 652 ‘altero
713 588 859 665 exercitu,
875 587 948 648 dum
963 584 1133 647 Casilinum
1147 587 1356 668 obpugnatur,

311 679 322 711 ‘
337 698 414 760 opus
424 699 501 754 esse,
513 678 565 758 qui
577 675 742 758 Campanis
758 675 940 756 obponatur.
962 670 1021 734 Vel
1041 672 1117 754 ipse,
1144 673 1253 735 relicto
1266 671 1355 736 Nolae

311 765 322 798 ‘
338 763 477 845 praesidio
498 763 633 839 modico,
647 763 779 823 veniret:
795 760 853 837 uel,
865 759 891 820 si
911 778 981 820 eum
996 754 1078 819 Nola
1089 767 1220 835 teneret,
1234 771 1267 821 et
1279 780 1353 821 nec·

311 850 323 883 ‘
339 850 412 911 dum
427 869 539 910 securae
560 869 607 910 res
627 848 665 908 ab
675 845 849 908 Hannibale
867 856 982 921 essent,
996 841 1271 906 seTi.Gracchum
1281 865 1354 926 pro·

143 955 272 1008 iamenu,
310 935 494 996 ‘consulem
509 956 529 995 a
549 933 726 996 Benevento
743 929 934 994 adciturum.'
964 927 1035 991 Hoc
1050 932 1164 992 nuncio
1178 929 1356 1009 Marcellus,

72 1009 76 1018 ¹
144 1022 292 1102 mentum
313 1021 430 1083 duobus
469 1021 601 1082 militum
632 1019 764 1080 millibus
786 1016 873 1079 Nola
902 1017 934 1078 in
964 1015 1104 1097 praesidio
1127 1016 1250 1094 relictis,
1284 1037 1357 1078 cum

143 1101 299 1200 &mmm
312 1117 414 1170 cetero
442 1107 577 1168 exercitu
603 1104 771 1166 Casilinum
806 1103 900 1177 venit,
940 1099 1131 1182 aduentuque
1167 1101 1235 1182 ejus
1259 1101 1355 1163 Cam·

180 1184 187 1201 ⁸
311 1194 395 1277 pani,
417 1192 483 1274 jam
499 1201 654 1253 moventes
684 1211 760 1265 sese,
786 1189 974 1267 quieverunt.
1019 1186 1068 1248 lta
1089 1209 1109 1248 a
1129 1187 1247 1248 duobus
1277 1209 1355 1250 con·

314 1280 429 1340 sulibus
461 1277 628 1339 Casilinum
673 1274 842 1357 obpugnari
875 1283 1022 1354 coeptum.
1057 1273 1110 1334 ubi
1146 1293 1238 1354 quum
1274 1275 1357 1336 mul-

314 1377 358 1442 ta,
380 1364 578 1426 succedentes
615 1375 730 1424 temere
764 1359 924 1435 moenibus,
962 1357 1094 1420 Romani
1130 1361 1241 1421 milites
1271 1361 1356 1422 acci-

314 1460 422 1533 perent
449 1448 584 1524 vulnera,
609 1467 707 1527 neque
739 1446 814 1508 satis
853 1445 984 1526 inceptis
1010 1445 1198 1522 succederet,
1231 1445 1356 1524 Fabius,

314 1535 517 1598 omittendam
540 1553 602 1594 rem
623 1552 746 1614 parvam
766 1552 803 1592 ec
826 1528 946 1612 ⁹¹juxta
968 1531 1087 1612 magnis
1101 1532 1268 1609 difficilem,
1286 1535 1357 1594 abs·

314 1620 544 1699 cedendumque
574 1619 644 1679 inde
675 1619 830 1695 censebat,
859 1636 953 1697 quum
980 1639 1025 1679 res
1043 1617 1175 1700 majores
1198 1619 1358 1680 instarent.

314 1704 492 1782 Marcellus,
518 1706 616 1766 multa
639 1701 758 1786 magnis
790 1703 916 1765 ducibus
944 1703 1027 1765 sicut
1049 1725 1112 1766 non
1140 1705 1358 1787 adgredienda,

314 1793 358 1854 ita
387 1792 482 1854 semel
507 1791 656 1872 adgressis
676 1787 738 1852 non
769 1789 953 1851 dimittenda
977 1811 1053 1867 esse,
1085 1790 1228 1869 dicendo,
1252 1792 1362 1872 ⁹²quia

314 1899 429 1959 magna
448 1877 537 1940 famae
556 1891 711 1940 momenta
730 1878 762 1938 in
782 1873 942 1956 utramque
966 1887 1084 1956 partem
1107 1876 1225 1954 fierent,
1246 1878 1356 1955 tenuit,

314 1985 354 2026 ne
370 1965 456 2026 irrito
475 1965 598 2046 incepto
615 1965 757 2025 abiretur.
801 1961 907 2024 Vinea
929 1962 1001 2022 inde
1026 1963 1186 2044 omniaque
1203 1964 1265 2024 alia
1278 1984 1358 2045 ope·

315 2071 382 2112 rum
410 2051 729 2130 machinationumque
758 2070 871 2131 genera
885 2069 977 2130 quum
992 2048 1233 2127 admoverentur,
1260 2048 1357 2110 Cam-

315 2137 448 2218 panique
479 2134 605 2196 Fabium
629 2146 762 2212 orarent,
794 2147 831 2196 ut
859 2136 943 2197 abire
971 2132 1109 2217 Capuam
1131 2146 1198 2196 tuto
1223 2132 1359 2214 liceret3

316 2221 422 2304 paucis
442 2222 581 2302 egressis,
611 2219 777 2282 Marcellus
799 2232 930 2303 portam,
952 2241 1014 2302 qua
1035 2221 1276 2303 egrediebantur,
1302 2243 1361 2283 oc·

318 2307 450 2389 cupavit,
474 2307 629 2388 caedesque
655 2309 826 2389 promiscue
841 2309 977 2369 omnium
1007 2308 1089 2369 circa
1114 2319 1234 2390 portam
1247 2308 1361 2389 primo,

180 2422 184 2431 ·
283 2467 287 2474 Ι
319 2393 440 2472 deinde,
474 2393 649 2476 inruptione
670 2395 763 2471 facta,
801 2393 897 2455 etiam
924 2395 956 2454 in
982 2396 1056 2456 urbe
1094 2393 1159 2456 fieri
1180 2404 1283 2477 coepta
1304 2407 1363 2456 est.

319 2480 549 2563 Quinquaginta
585 2481 649 2543 fere
682 2481 782 2564 primo
808 2479 920 2561 egressi
936 2479 1173 2562 Campanorum,
1198 2501 1291 2565 quum
1320 2480 1363 2542 sd

319 2567 449 2632 Fabium
475 2568 693 2650 confugissent,
727 2566 867 2652 prasidio
893 2565 958 2649 ejus
987 2565 1127 2649 Capuam
1151 2578 1363 2651 pervenerunt.

321 2654 499 2735 Casilinum,
529 2656 608 2718 inter
638 2655 791 2735 colloquia
815 2654 1101 2734 cunctationemque
1127 2655 1298 2738 petentium
1323 2654 1364 2716 li·

245 2766 252 2784 ·
321 2742 401 2820 dem,
415 2764 470 2824 per
484 2742 679 2804 occasionem
705 2753 830 2822 captum
852 2752 909 2802 est.
936 2741 1060 2821 captivi,
1090 2742 1202 2823 quique
1228 2740 1363 2823 Campa·

320 2848 440 2905 norum,
455 2830 566 2910 quique
583 2826 764 2891 Hannibalis
779 2826 911 2889 militurn
927 2839 1025 2903 erant,
1049 2826 1181 2889 Romam
1203 2828 1295 2906 missi,
1310 2838 1362 2889 at·

321 2936 380 2997 que
396 2915 437 2977 ibi
465 2916 633 2977 incarcere
653 2914 760 2975 inclusi
776 2925 864 2975 sunt:
886 2913 1111 2994 oppidanorum
1122 2915 1211 2975 turba
1224 2934 1278 2995 per
1292 2913 1363 2975 lini-

321 3003 413 3064 timos
428 3001 556 3085 populos
572 3002 604 3063 in
613 3001 784 3063 custodiam
799 2998 906 3062 divisa.
1205 3042 1208 3048 -

325 3110 330 3116 ·
365 3086 437 3151 XX.
461 3086 576 3159 Quibus
593 3089 698 3151 diebus
719 3109 739 3149 a
753 3086 899 3165 Casilino,
926 3108 958 3149 re
981 3088 1182 3169 benegesta,
1212 3107 1364 3169 recessum

324 3184 381 3252 est,
396 3175 439 3237 eis
455 3172 611 3237 Gracchus
625 3176 658 3237 in
677 3172 809 3236 Lucanis
831 3173 949 3254 aliquot
967 3174 1121 3252 cohortes,
1141 3173 1173 3234 in
1188 3194 1227 3235 ea
1240 3174 1365 3256 regione

324 3262 522 3343 conscriptas,
552 3282 622 3323 cuin
647 3260 791 3342 prefecto
803 3260 954 3321 sociorum
980 3260 1012 3319 in
1031 3280 1120 3340 agros
1139 3260 1272 3321 hostium
1288 3280 1366 3343 prie-

325 3346 430 3407 datum
446 3347 540 3408 misit.
566 3368 619 3408 eos
646 3346 739 3407 effuse
757 3345 877 3427 palatos
893 3343 1007 3407 Hanno
1022 3346 1156 3423 udonus,
1172 3346 1253 3406 haud
1268 3344 1365 3406 multo

156 3446 294 3499 nnana
322 3431 484 3509 minorem,
511 3452 603 3512 quam
625 3431 663 3493 sd
686 3428 894 3493 Beneventum
923 3444 1096 3513 acceperet,
1121 3432 1256 3494 reddidit
1281 3431 1366 3494 hosti

157 3513 307 3579 scespocu-
325 3516 454 3593 cladem,
485 3527 576 3597 atque
592 3517 623 3577 in
638 3514 775 3578 Bruttios
796 3517 919 3598 raptim,
940 3538 980 3579 ne
1006 3515 1163 3579 Gracchus
1185 3519 1366 3600 adsequere-

157 3578 209 3631 δ”·
325 3612 395 3678 tur,¹
408 3603 568 3663 concessit.
612 3598 769 3681 Consules,
797 3600 963 3664 Marcellus
999 3616 1092 3683 retro,
1121 3605 1201 3666 unde
1230 3617 1366 3683 venerat,

325 3685 439 3751 Nolam
450 3687 531 3751 redit
539 3710 550 3767 3
570 3686 681 3751 Fabius
707 3688 738 3749 in
754 3686 913 3751 Sauurium
929 3689 968 3751 ad
983 3690 1173 3773 populandos
1185 3696 1275 3773 agros
1290 3691 1369 3754 reci-
1418 3714 1421 3717 ⁴

359 3864 383 3901 ⁹⁰
405 3863 442 3911 Aa
462 3862 565 3928 collegam
582 3863 661 3920 mittit,
683 3862 751 3911 sltem
772 3878 833 3911 erer-
865 3878 972 3923 msgnuru
991 3862 1060 3911 sanare
1085 3864 1207 3913 discrimen
1228 3876 1374 3927 sequeretur,

323 3930 490 3991 citu..'..opus
503 3926 555 3991 csse]
581 3926 658 3975 Mittit
672 3926 768 3986 litteras,
783 3928 834 3990 qui·
865 3928 1009 3990 multumque
1027 3929 1149 3976 valiturum
1168 3930 1192 3977 ia
1209 3930 1291 3977 bonam
1308 3931 1371 3993 puri.

295 4022 299 4031 ι
329 3992 374 4041 bur
384 3996 489 4042 monetat
504 3993 575 4041 altero
592 3994 693 4041 exercitu
708 4006 763 4056 opus
777 4007 833 4040 esse.
865 4002 903 4039 ter
922 3993 1050 4055 malamque
1071 4006 1176 4057 partem
1191 3993 1216 4041 id
1236 4006 1280 4050 ut,
1298 3994 1371 4043 effer-

327 4057 387 4105 vit.
397 4058 494 4107 similem
509 4058 618 4124 loquendi
633 4058 735 4121 modum,
749 4056 833 4107 ht'ru.
863 4066 943 4105 turam
962 4070 989 4105 ur
1005 4073 1140 4122 magnopere
1154 4059 1255 4107 timearis
1270 4059 1298 4107 eb
1314 4059 1370 4107 bos-

330 4122 404 4171 cut.
864 4120 935 4181 tibur,
956 4122 976 4169 si
996 4123 1086 4171 nahum
1103 4124 1173 4173 elium
1193 4123 1277 4187 incepti
1291 4122 1372 4182 linem.

360 4182 383 4218 ⁰¹
410 4182 480 4234 Juxta
500 4184 595 4252 moysis]
625 4186 700 4251 AEquc
723 4200 749 4234 ac
770 4200 833 4247 mag·
864 4194 938 4248 quam·
953 4186 1068 4235 victorina
1087 4191 1191 4247 noverise
1217 4200 1246 4237 ut
1264 4200 1370 4238 mntem·

329 4258 379 4293 aas.
866 4250 926 4297 naris
937 4252 964 4298 ab
974 4249 1064 4315 iisdem,
1078 4254 1100 4302 ri
1115 4253 1181 4305 irrito
1195 4254 1288 4319 incepto
1301 4255 1372 4303 absti-

361 4309 385 4347 fl
401 4306 416 4336 ¹
436 4310 495 4365 Quis
511 4330 592 4378 magns
601 4316 674 4380 sema
688 4324 794 4363 momenta
810 4316 835 4362 irs
865 4316 929 4364 teris.
1280 4328 1283 4335 '

328 4380 660 4442 mmmm]
690 4378 752 4435 Quis
781 4380 834 4429 mss
