3092 5200
361 357 400 411 28
781 344 867 404 'lt'rl
885 343 986 403 LIVll

179 519 229 568 fu.
240 519 268 568 c.
279 518 335 567 aaa.
404 467 482 559 XXss
500 493 535 558 ln
547 495 596 558 his
611 515 689 557 nova
699 493 900 576 terribilisque
915 491 1030 576 species
1044 491 1110 554 risa
1125 503 1185 569 est,
1201 493 1283 575 quod
1297 497 1409 558 armati

194 588 227 633 A·
239 585 269 632 C·
280 582 336 630 ²¹⁸·
365 583 421 664 (ita
432 605 500 646 mos
510 581 691 665 gentiserat)
706 581 739 642 in
749 580 913 642 concilium
922 590 1077 640 venerunt.
1089 581 1298 661 quum,verbis
1307 582 1410 645 extol-

195 647 279 698 Gallor
289 645 329 694 ad·

195 725 261 762 eunt.

361 670 601 770 lentcs'gloriam
616 669 818 747 virtutemque
832 666 937 749 populi
955 665 1086 727 Romani
1107 687 1143 728 ac
1164 667 1409 748 magnitudinem

343 757 494 840 imperii,
510 755 668 838 petissent,
679 773 718 816 ne
734 751 839 830 Poeno,
854 752 966 814 bellum
983 751 1078 814 ltaliae
1089 752 1241 831 inferenti,
1252 775 1408 836 peragras

362 845 510 924 urbesque
534 862 603 903 suas
629 840 789 903 transitum
816 839 941 916 darent3
966 850 1070 902 tantus
1093 859 1164 900 cum
1184 840 1310 902 fremitu
1331 841 1407 903 riam

364 929 474 992 dicitur
489 940 583 1006 ortus,
599 940 634 990 ut
649 930 699 988 vix
715 926 970 1007 amagistratibus
981 923 1205 1007 majoribusque
1216 937 1289 987 natu
1298 924 1409 1008 juven·

362 1027 413 1078 tus
436 1016 601 1078 sedaretur.
646 1012 765 1074 ⁸⁵Adeo
792 1012 905 1075 stolida
929 1011 1139 1094 inpudensque
1163 1011 1329 1094 postulatio
1338 1013 1409 1076 'visa

251 1166 253 1172 ,
362 1115 420 1181 est,
444 1122 579 1179 censere,
605 1121 644 1162 ne
670 1100 701 1160 in
726 1097 848 1161 ltaliam
863 1098 1074 1160 transmittant
1088 1095 1170 1159 Galli
1184 1099 1310 1178 bellum,
1325 1099 1407 1181 ipsos

362 1189 395 1250 id
410 1199 543 1250 avertere
559 1189 590 1248 in
605 1207 648 1263 se,
670 1207 818 1268 agnosque
842 1205 911 1246 suos
931 1205 986 1267 pro
1001 1183 1107 1246 alienis
1122 1185 1312 1267 populandos
1327 1185 1407 1267 obji-

363 1295 441 1336 cere.
473 1271 587 1334 Sedato
603 1272 729 1334 tandem
742 1271 875 1350 fremitu,
890 1291 1067 1354 responsum
1083 1271 1191 1351 legatis
1205 1282 1261 1349 est,
1277 1269 1407 1353 ‘Neque

259 1363 261 1368 ’
287 1411 294 1420 .
362 1359 596 1422 ‘Romauomm
623 1359 654 1419 in
674 1380 706 1420 se
734 1357 875 1420 meritum
889 1377 965 1435 esse,
978 1378 1083 1450 ¹neque
1105 1354 1407 1438 Karthaginiensium

361 1447 373 1479 ‘
387 1445 538 1528 injuriam,
554 1446 594 1507 ob
610 1466 674 1525 quar
690 1457 743 1506 aut
757 1466 813 1527 pro
828 1442 985 1522 Romanis,
995 1456 1055 1506 aut
1069 1444 1210 1505 adversus
1226 1441 1335 1506 Poenos
1355 1466 1407 1506 su·

361 1533 372 1565 ‘
388 1544 475 1594 mant
490 1553 583 1594 arma.
613 1530 730 1592 Contra
741 1552 779 1592 ea
793 1530 897 1592 audire
909 1551 985 1607 sese,
996 1530 1096 1611 gentis
1107 1551 1166 1592 sua
1178 1530 1315 1591 homines
1323 1532 1405 1612 agris

361 1618 372 1650 ‘
387 1618 556 1699 finibusque
569 1615 662 1680 ltaliae
674 1617 745 1698 pelli
759 1640 779 1679 a
788 1617 901 1699 populo
912 1615 1064 1693 Romano,
1076 1616 1319 1698 stipendiumque
1328 1637 1406 1699 pen·

361 1706 373 1738 ‘
387 1704 470 1783 dere,
486 1716 518 1766 et
533 1716 635 1766 cetera
650 1703 775 1785 indigna
787 1700 873 1785 pati.'
917 1701 1035 1764 Eadem
1051 1702 1145 1763 ferme
1160 1703 1193 1763 in
1208 1703 1318 1765 ceteris
1331 1701 1406 1765 Gal·

361 1791 409 1853 liae
427 1790 565 1854 conciliis
585 1790 669 1851 dieta
690 1790 873 1870 auditaque:
896 1810 954 1849 nec
970 1789 1120 1870 hospitale
1135 1789 1301 1870 quidquam
1314 1809 1406 1871 paca·

362 1888 465 1938 tumve
488 1877 560 1938 satis
583 1877 664 1959 prius
689 1876 836 1951 ariditum,
859 1895 951 1956 quam
967 1873 1137 1936 Massiliam
1160 1895 1280 1936 venere.
1324 1874 1407 1937 l'lbi

363 1965 477 2042 omnia,
494 1964 532 2024 ab
548 1964 639 2024 sociis
664 1963 808 2043 inquisita
831 1981 900 2022 cum
923 1982 996 2022 cura
1012 1982 1047 2022 ac
1064 1961 1136 2038 lide,
1151 1960 1285 2042 cognita,
1300 1961 1312 1993 ‘
1326 1981 1406 2044 prae·

361 2049 555 2130 ‘occupatos
576 2047 642 2129 jam
667 2057 761 2109 ante·
780 2046 819 2107 ab
833 2044 1007 2108 Hannibale
1022 2045 1176 2109 Gallorum
1193 2047 1313 2109 animos
1330 2067 1408 2110 esse.

361 2134 373 2166 ‘
388 2135 441 2195 sed
456 2154 494 2196 ne
509 2132 552 2193 illi
569 2133 691 2214 quidem
707 2133 765 2214 ipsi
781 2133 856 2194 satis
871 2133 975 2194 mitem
990 2145 1115 2215 gentem
1130 2131 1204 2210 fore,
1222 2132 1314 2212 (adeo
1326 2133 1407 2195 iero·

362 2219 373 2252 ‘
388 2220 438 2280 cia
452 2231 544 2300 atque
562 2218 711 2280 indomita
726 2218 850 2300 ingenia
861 2219 938 2299 esse)
956 2221 988 2282 ni
1003 2219 1130 2281 subinde
1144 2241 1228 2298 auro,
1244 2219 1329 2300 cnjus
1344 2220 1407 2282 avi-

364 2305 375 2338 ‘
391 2303 515 2368 dissime
531 2325 606 2388 gens
623 2317 680 2383 est,
696 2306 867 2389 principum
883 2307 975 2367 animi
992 2304 1211 2368 concilientur.'
1256 2304 1305 2368 Ita
1318 2326 1407 2389 pera-

362 2392 458 2472 gratis
485 2389 642 2473 Hispania
666 2404 698 2453 et
718 2391 823 2454 Galliae
845 2394 976 2474 populis,
1000 2393 1092 2474 legati
1113 2391 1245 2455 Romam
1269 2393 1407 2470 reddunt,

363 2477 446 2540 haud
461 2479 505 2539 ita
528 2479 625 2542 multo
647 2490 728 2561 post,
754 2499 845 2560 quam
870 2480 1009 2541 consules
1034 2481 1066 2540 in
1089 2481 1260 2561 provincias
1279 2479 1407 2561 profecti

363 2573 460 2626 crant.
476 2564 629 2629 civitatem
645 2587 768 2627 omnem
795 2564 826 2627 in
846 2566 1108 2649 exspectationem
1122 2566 1195 2628 belli
1210 2578 1343 2629 erectam
1358 2566 1407 2629 iu·

362 2663 521 2730 venerunt,
536 2653 609 2713 satis
632 2665 793 2716 constante
809 2653 901 2733 lama,
913 2652 979 2736 jam
993 2652 1112 2715 lbemm
1134 2652 1243 2716 Poenos
1263 2653 1407 2715 transmi-

363 2759 449 2799 srsse.

405 2822 494 2887 xxl.
510 2822 676 2905 Hannibal,
691 2824 829 2909 Sagunto
844 2838 947 2910 capto,
962 2826 1185 2911 Karthaginem
1197 2848 1304 2891 novam
1315 2828 1347 2889 in
1359 2826 1408 2889 bi·

362 2910 458 2972 bema
472 2925 674 2975 concesserat.
690 2914 804 2996 ibique,
827 2912 949 2991 auditis,
970 2935 1035 2996 quae
1050 2914 1168 2995 Romae,
1183 2935 1305 2996 quaque
1325 2912 1408 2975 Kar·

363 2996 489 3079 tlragine
505 3010 574 3061 acta
589 2999 773 3081 decretaque
788 3000 900 3079 forent,
920 3022 1013 3081 seque
1027 3021 1089 3063 non
1106 3002 1215 3065 ducem
1229 3000 1339 3077 solum,
1353 2998 1409 3061 sed

363 3083 456 3145 etiam
468 3104 606 3147 caussam
617 3106 682 3149 esse
691 3087 775 3166 belli,
785 3087 904 3169 partitis
915 3086 1136 3169 divenditisque
1146 3088 1279 3169 reliquiis
1290 3086 1408 3169 prada,

362 3170 439 3233 nibil
450 3171 529 3233 ultra
540 3172 738 3236 differendum
748 3187 841 3251 ratus,
851 3171 983 3255 Hispani
991 3176 1111 3257 generis
1120 3174 1231 3236 milites
1241 3184 1405 3236 convocate

220 3315 242 3327 ,,
311 3300 313 3305 2
362 3256 486 3321 ‘Credo
497 3280 556 3341 ego
566 3258 640 3338 vos,'
648 3260 757 3342 inquit,
767 3260 868 3339 ‘socii,
877 3272 910 3323 et
920 3258 1407 3343 ipsoscemere,pacatisomuibus

361 3345 373 3378 ‘
388 3344 542 3427 Hispania
553 3347 683 3429 populis,
694 3358 748 3409 aut
759 3346 924 3409 finiendam
934 3346 1021 3409 nobis
1033 3348 1185 3424 militiam,
1194 3347 1407 3426 exercitusque

361 3432 372 3464 ‘
388 3431 585 3493 dimittendos
598 3453 683 3495 esse:
707 3433 803 3495 autin
816 3432 890 3494 alias
902 3445 998 3495 terras
1013 3432 1255 3496 transferendum
1270 3432 1385 3494 bellum
1396 3452 1406 3493 a

362 3516 432 3575 ‘ita
443 3516 524 3577 enim
541 3518 587 3578 ba
604 3530 710 3599 gentes
726 3539 788 3579 nou
803 3520 887 3601 pacis
898 3520 1007 3599 solum,
1021 3520 1179 3583 sedetiam
1190 3516 1334 3596 victoria,
1348 3518 1407 3579 bo·

362 3601 434 3663 ‘nis
450 3601 610 3680 florebunt,
626 3605 650 3664 si
667 3624 704 3666 ex
720 3604 787 3668 aliis
801 3606 940 3687 gentibus
954 3608 1087 3689 predam
1102 3618 1134 3667 et
1148 3605 1276 3688 glorium
1287 3623 1408 3684 quare·

362 3688 374 3720 ‘
388 3708 465 3749 mus.
488 3686 604 3769 ltaque,
623 3711 715 3771 quum
734 3692 899 3775 longinqua
913 3695 952 3754 ab
965 3691 1057 3756 domo
1071 3693 1163 3755 instet
1174 3692 1294 3769 militia,
1306 3689 1406 3751 inccr-

362 3774 373 3807 ‘
388 3782 513 3856 tumque
528 3775 578 3854 sit,
594 3777 716 3857 quando
730 3778 838 3841 domos
852 3790 978 3858 vestras,
998 3792 1032 3843 et
1046 3783 1143 3861 ⁸⁷quae
1158 3778 1267 3859 cuique
1280 3777 1322 3843 ibi
1337 3797 1410 3839 cara

776 3958 788 3985 ¹
803 3960 856 3999 ante
866 3952 911 4000 del.
922 3950 996 4002 Gran.

393 4078 416 4111 ⁸⁵
438 4078 498 4126 Adeo
517 4077 740 4141 solidamentulatio
761 4083 806 4128 sisa
829 4090 869 4141 est,
900 4082 985 4141 branse,
1002 4081 1071 4146 vulgo
1081 4085 1197 4134 omittitur
1206 4080 1269 4149 ante)
1287 4080 1315 4128 ab
1332 4078 1410 4126 dmi·

361 4144 455 4205 corum]
474 4142 535 4191 Dale
554 4158 606 4192 cum
625 4142 743 4193 Gronosio
760 4160 868 4210 superra-
900 4148 1048 4198 manninas.

362 4210 459 4253 caueam
470 4208 578 4264 verbum,
592 4224 682 4259 eninm.
932 4212 955 4250 ⁸⁷
971 4212 1025 4267 Qua
1043 4217 1122 4277 eurique
1136 4212 1167 4261 ibi
1184 4229 1240 4261 carra
1249 4208 1305 4321 ring
1320 4208 1413 4319 Μξῖἰῖὃ.

363 4334 503 4410 niaquippe
515 4352 566 4398 qua
576 4340 694 4390 radicum
706 4356 762 4391 cura
781 4356 806 4389 sc
825 4342 870 4389 lide
901 4344 946 4399 nis,
955 4349 1015 4394 suist.
1046 4344 1114 4392 Nibil
1132 4344 1195 4393 caim
1214 4288 1412 4392 biedublHtionii

363 4410 532 4459 rnquurerant;
555 4417 637 4467 nempe
653 4416 809 4469 preoccupatus
818 4408 871 4468 jam
901 4420 946 4458 ast.

396 4264 418 4302 ὕ
435 4268 470 4316 tu
487 4274 570 4337 omitia]
588 4274 623 4322 lbi
641 4278 731 4337 cognita
747 4288 802 4325 sunt
817 4292 868 4323 om-
901 4279 971 4325 codex
985 4280 1132 4341 Puteanaas,
1149 4291 1174 4328 et
1186 4293 1246 4325 unus
1257 4292 1272 4323 e

297 4542 298 4547 1
362 4473 415 4513 anta
435 4464 477 4527 (sic
499 4464 564 4515 enim
582 4466 667 4519 habeat
686 4472 779 4536 optimae
795 4488 870 4523 mem·

1532 4201 1534 4246 l
