3092 5200
353 337 404 394 86
772 330 867 390 ’ΉΤΙ
887 329 989 391 HVll
1070 374 1074 384 .

191 505 329 566 mm
358 479 370 599 ἶ
384 478 528 557 Romani,
538 491 572 578 et
585 480 682 560 prior·
696 479 812 562 legatio
826 478 1002 559 munuum
1013 473 1232 576 Hannibalem,
1247 487 1408 558 tamquam

188 572 326 632 ductat&
379 586 434 628 suo
449 565 577 628 conarlro
587 563 760 648 Saguntum
768 567 1000 648 obpugnantem
1015 563 1246 645 deposcebatrs:
1269 574 1406 626 ceterum

357 653 444 714 ‘haec
457 651 572 734 legatio
587 653 685 714 uerbis
697 652 798 714 adhuc
813 651 910 714 lenior
925 662 982 729 est,
994 671 1027 713 re
1038 650 1181 732 asperior.
1216 645 1306 710 Tunc
1320 651 1404 713 enim

355 736 537 800 ‘Hannibal
554 749 585 800 et
604 735 846 813 insimulabatur,
860 735 1138 822 etdeposcebatur.
1159 755 1242 798 nunc
1257 737 1297 796 ab
1314 737 1403 798 nobis

355 825 366 858 ‘
381 835 413 887 et
423 823 574 888 consessio
585 824 680 906 culpa
694 824 893 907 exprimitur:
916 835 958 901 et,
975 835 1007 887 ut
1022 844 1042 884 a
1053 821 1213 901 confessis,
1223 843 1270 883 res
1284 833 1404 885 extem-

355 911 366 944 ‘
403 911 434 973 lo
449 922 635 994 repetuntur.
677 907 745 992 Ego
760 922 864 972 autem
879 931 953 988 non,
964 908 1082 991 privato
1097 908 1259 991 publicone
1274 910 1404 971 consilio

355 999 366 1031 ‘
381 933 776 1080 Saguntumobpuguatum
787 997 839 1074 sit,
850 996 1043 1078 quarendum
1053 1016 1215 1058 censeam:
1236 995 1406 1058 sedutrurn

354 1083 366 1116 ‘
376 1081 456 1166 jure,
472 1105 512 1144 an
528 1081 647 1164 injuria.
691 1080 806 1146 Nostra
825 1084 907 1144 enirn
925 1083 990 1144 haec
1011 1083 1138 1164 queastio
1158 1094 1249 1163 atque
1261 1082 1402 1144 animad-

355 1169 474 1232 ‘versio
485 1171 518 1231 in
529 1171 626 1232 civem
640 1181 779 1232 nostrum
798 1180 860 1247 cst3
884 1179 999 1247 nostro,
1018 1189 1058 1230 an
1074 1188 1129 1229 suo
1145 1167 1252 1233 fecerit
1262 1169 1405 1232 arbitrio.

353 1253 546 1318 ‘Vobiscum
571 1277 634 1318 una
657 1256 841 1338 disceptatio
863 1267 923 1334 est,
946 1255 1105 1317 licueritne
1128 1276 1182 1337 per
1206 1253 1303 1316 fiedus
1324 1253 1404 1316 fieri.

354 1341 365 1374 ‘
381 1340 489 1424 ltaque
511 1343 654 1424 quoniam
674 1341 804 1406 discerni
818 1342 931 1424 placet,
946 1340 1019 1422 quid
1036 1340 1158 1423 publico
1173 1341 1311 1416 consilio,
1327 1341 1401 1421 quid

352 1428 364 1461 ‘
379 1449 436 1490 sua
448 1439 559 1512 sponte
571 1430 768 1512 imperatores
784 1427 916 1506 facim1t3
933 1428 1023 1490 nobis
1037 1427 1193 1490 vobiscum
1207 1425 1305 1488 foedus
1320 1438 1368 1488 est
1382 1449 1402 1488 a

353 1513 502 1578 ‘Lutatio
513 1516 636 1578 consule
652 1515 766 1577 ictum:
790 1516 894 1597 inquo
909 1536 1003 1598 quum
1018 1516 1188 1576 caveretur²
1202 1530 1401 1594 utrorumque

354 1600 477 1680 ‘sociis
494 1601 571 1664 nilril
589 1602 627 1663 de
648 1598 825 1683 Saguntinis
840 1602 909 1679 (nec
923 1602 995 1664 dum
1008 1601 1088 1664 enirn
1100 1612 1187 1662 erant
1201 1598 1275 1660 socii
1290 1599 1401 1680 vestri)

353 1687 364 1719 ‘
380 1700 503 1750 cautum
515 1700 571 1750 est.
593 1688 637 1750 At
650 1688 732 1750 enim
741 1687 911 1766 eoloedere,
921 1686 1003 1770 quod
1018 1708 1089 1750 cum
1100 1685 1292 1748 Hasdrubale
1301 1685 1400 1756 ictum

354 1773 365 1806 ‘
380 1785 438 1852 cst,
449 1771 609 1856 Saguntini
625 1774 828 1856 excipiuntur.
841 1773 984 1836 adversus
996 1774 1078 1856 quod
1092 1773 1168 1834 nihil
1189 1793 1246 1852 ego
1265 1771 1402 1833 dicturus

353 1859 459 1938 ‘arnn‚
472 1861 529 1921 nisi
547 1859 664 1942 quoda
675 1859 761 1922 vobis
777 1860 880 1924 didici.
923 1857 988 1922 Vos
1000 1861 1094 1937 enim,
1109 1859 1189 1940 quod
1206 1857 1248 1919 Cr
1258 1856 1402 1920 Lutatius

352 1943 482 2008 ‘consul
504 1947 604 2029 primo
624 1945 784 2008 nobiscum
804 1946 904 2008 foedus
922 1947 987 2023 icit,
1007 1947 1079 2028 quia
1097 1966 1194 2027 neque
1214 1944 1400 2007 auctoritate

351 2031 511 2110 fumum,
527 2053 583 2094 nec
602 2032 707 2115 populi
717 2030 806 2113 jussu
819 2033 917 2094 ictum
934 2045 1011 2112 erat,
1025 2032 1161 2116 negastis
1172 2052 1225 2092 sos
1236 2051 1275 2092 eo
1290 2030 1400 2092 teneri.

350 2117 361 2150 ‘
377 2118 480 2199 itaque
496 2117 579 2180 aliud
595 2118 633 2178 de
645 2117 766 2198 integro
777 2117 876 2181 loedus
890 2119 1013 2202 publico
1029 2119 1157 2181 consilio
1168 2118 1265 2180 ictum
1274 2126 1332 2178 est.
1364 2113 1401 2178 Si

351 2203 431 2264 ‘vos
442 2223 505 2264 non
520 2213 628 2266 tenent
641 2213 741 2266 vestra
754 2203 880 2282 foedera,
904 2206 962 2271 nisi
978 2227 1018 2267 ex
1039 2204 1221 2268 auctoritate
1242 2214 1295 2264 aut
1311 2200 1401 2284 jussu

335 2286 364 2326 *‘
377 2300 478 2350 vestro
494 2287 575 2366 icta;
598 2310 638 2352 ne
654 2311 710 2351 nos
726 2291 851 2372 quidem
873 2289 1073 2354 Hasdrubalis
1090 2290 1199 2368 soedus,
1211 2290 1294 2371 qnod
1310 2289 1399 2350 nobis

352 2375 363 2407 ‘
378 2374 480 2437 insciis
495 2375 561 2453 icit,
572 2375 708 2456 obligare
720 2377 831 2459 potuit.
869 2375 1001 2440 Proinde
1015 2377 1150 2440 omittite
1165 2375 1295 2460 Sagunti
1307 2386 1399 2455 atque

298 2507 302 2515 ·
353 2459 364 2494 ‘
379 2457 459 2524 lberi
474 2461 662 2524 mentionem
676 2462 788 2543 facere,
798 2475 840 2542 et,
855 2465 940 2545 qnod
953 2465 1004 2527 diu
1013 2465 1144 2546 parturit
1155 2464 1273 2526 animus
1290 2473 1399 2538 vester,

313 2587 324 2604 ·
353 2547 542 2629 ‘aliquando
556 2547 674 2633 pariat'
696 2546 1032 2630 TumRomanuesinu
1043 2549 1268 2634 exagitato,
1291 2545 1399 2628 ‘Hic,'

352 2635 462 2716 inquit,
485 2636 592 2725 §vobis
606 2636 719 2699 bellum
734 2649 768 2705 et
781 2659 891 2720 pacem
905 2650 1076 2721 portnmns3
1098 2651 1201 2701 utrum
1216 2637 1327 2720 placet,
1346 2656 1397 2699 su·

351 2721 364 2755 ⁴
379 2719 476 2785 mite!
503 2719 567 2785 Sub
582 2723 660 2787 hanc
673 2744 780 2787 uocem
788 2724 873 2789 hand
886 2725 986 2787 minus
997 2724 1150 2804 ferociter,
1165 2725 1282 2802 ‘daret,
1297 2733 1398 2785 utrum

352 2806 490 2889 ‘uellet'
515 2810 746 2873 subclamatum.
759 2822 815 2873 est.
843 2822 878 2873 et
901 2832 994 2893 quum
1018 2811 1044 2873 is
1071 2812 1180 2874 iterum
1207 2811 1273 2871 sinu
1300 2809 1399 2870 effuso

353 2894 364 2927 ‘
379 2894 491 2957 bellum
507 2892 588 2957 dare’
599 2896 736 2975 dixisset,
746 2897 756 2929 ‘
767 2899 906 2979 accipere
915 2895 958 2960 se’
971 2918 1077 2960 omnes
1089 2896 1318 2981 responderunt,
1335 2895 1399 2975 ‘et‚

352 2980 486 3063 ‘quibus
503 2983 677 3065 acciperent
690 2983 811 3063 animis,
826 2984 935 3047 iisdem
951 3006 984 3047 se
997 2979 1157 3066 gesturos!

183 3088 329 3156 „mm
394 3065 493 3130 xlx..
507 3066 584 3131 Haec
599 3070 716 3131 directa
730 3072 941 3153 percunctatio
956 3092 991 3133 ac
1008 3068 1204 3132 denunciatio
1213 3067 1286 3129 belli
1298 3052 1397 3149 magis

180 3222 245 3287 jure.

184 3156 339 3211 usfcdenm
351 3174 390 3217 ex
408 3154 557 3236 dignitate
576 3156 684 3239 populi
705 3155 837 3219 Romani
852 3158 918 3219 visa
933 3171 991 3234 est,
1007 3178 1099 3239 quam
1117 3156 1157 3219 de
1168 3155 1319 3218 loederum
1326 3151 1396 3235 jure

350 3242 448 3303 verbis
458 3242 738 3325 disceptarc‚quum
745 3240 1186 3324 ante‚tummaximeSagunto
1194 3242 1395 3318 arcicanum,

350 3326 375 3389 si
386 3328 545 3390 verbomm
556 3328 786 3411 disceptationis
795 3332 973 3409 resesset,⁷⁹
980 3328 1073 3411 quid⁸
1084 3329 1184 3391 fredus
1196 3326 1396 3390 Hasdrubalis

350 3434 421 3475 curn
431 3412 545 3477 Lutatii
557 3416 656 3496 priore
668 3415 792 3492 loedere,
803 3418 903 3498 qnodx
913 3428 1063 3479 mutatum
1071 3425 1126 3491 ast,
1137 3412 1396 3495 comparandum

350 3498 435 3561 erat?
460 3518 553 3579 quum
576 3500 607 3560 in
622 3499 737 3562 Lutatii
752 3502 865 3564 loedere
884 3504 997 3565 diserte
1010 3500 1149 3562 additum
1162 3510 1253 3576 esset,
1276 3500 1343 3560 ‘ita
1361 3498 1397 3560 id

350 3584 471 3645 ‘ratum
495 3583 569 3661 fore,
590 3586 615 3645 si
639 3587 767 3670 populus
788 3589 955 3651 censuisset
966 3586 988 3666 ;'
1011 3588 1043 3648 iu
1062 3583 1261 3649 Hasdrubalis
1281 3583 1396 3647 soedere

350 3688 409 3733 nec
423 3682 587 3752 exceptum
614 3672 675 3733 tale
700 3674 865 3756 quidquam
879 3675 979 3753 luerit,
1000 3685 1034 3737 et
1047 3684 1096 3736 tot
1110 3692 1259 3735 annorum
1273 3671 1397 3733 silentio

382 3862 451 3903 'teon
460 3872 487 3905 er
494 3854 605 3921 Karrbng.
617 3872 676 3905 unus
682 3861 783 3922 prbroepr
790 3860 804 3905 :'
816 3859 888 3923 Vana,
899 3857 1005 3921 Romi,
1015 3861 1097 3925 inquit,
1106 3869 1128 3907 er
1136 3860 1198 3919 prior
1207 3856 1282 3906 Gron.
1349 3857 1359 3888 ¹
1371 3856 1398 3903 iss

347 3920 572 4035 ww&
585 3922 655 3970 Creu.
821 3932 834 3956 ¹¹
923 3950 933 3971 ι
979 3959 986 3973 .
1140 3930 1153 3955 ¹
1169 3925 1225 3984 prod
1233 3927 1343 3970 aarum
1352 3920 1399 3981 leg.

349 4134 423 4185 beat:
451 4146 499 4186 tarn
517 4154 543 4189 ec
565 4137 781 4199 cartaginensibus
799 4154 860 4186 satu
890 4151 981 4189 mrum
1001 4141 1111 4205 recipcre.
1146 4135 1207 4191 Quid
1232 4136 1335 4197 intellige
1355 4151 1399 4199 quc

348 4203 456 4273 priam
480 4202 551 4265 Vena,
580 4204 686 4267 ermri,
718 4205 800 4267 inane,
837 4211 859 4250 et
889 4206 915 4253 iu
933 4222 1076 4268 requam
1090 4205 1183 4253 ratione.
1223 4204 1290 4251 Prius
1307 4202 1399 4263 legeba-

348 4276 419 4324 pnnr.
891 4269 1025 4323 tisernid
1036 4272 1116 4334 ⁸pindus
1134 4268 1263 4317 Asdruhlis
1280 4283 1330 4315 cnm
1348 4264 1399 4313 Ias·

382 4325 407 4363 ⁷⁹
423 4326 484 4381 ΟΜ
503 4328 592 4395 sudus]
629 4334 697 4382 Hanc
726 4329 860 4389 lectionem,
890 4337 942 4381 tatii
960 4336 1034 4395 priore
1054 4334 1145 4398 fodere
1173 4340 1328 4381 mansurarum
1358 4339 1401 4388 art,

348 4406 421 4505 pum
438 4407 470 4440 ex
489 4392 580 4443 duobus
602 4398 674 4445 MSS.
693 4396 808 4445 culicibus
824 4396 858 4443 el·
889 4400 1130 4459 conparandum
1162 4407 1227 4447 emt.-
1258 4405 1300 4445 aut
1326 4394 1402 4452 nullo.

363 4466 399 4505 ert
417 4457 557 4515 Gronovius,
585 4475 631 4509 aaa
652 4460 809 4510 dubitavimus
834 4461 859 4509 ia
890 4462 1170 4527 rutpercbaturoseusu.
