3092 5200
270 372 275 381 ·
370 325 430 406 'sss
794 313 1007 400 mutin
1075 321 1081 334 ‘

205 497 351 566 u.c.5ro.'
374 489 498 554 catione·
506 511 554 555 res
565 501 641 571 erat,
653 507 746 575 qnurn
756 469 875 564 Fuluius
886 493 990 556 connrl
998 491 1141 572 tribunis,
1153 477 1424 573 ‘Nonnevidetis,’

205 581 238 633 Α.
251 579 280 630 C·
291 580 348 631 212.
374 577 484 660 inquit,
504 579 516 613 ‘
524 583 552 619 ¹¹
561 599 614 642 vos
630 579 661 640 in
676 579 816 641 ordinem
830 591 952 643 coactos
966 601 1042 659 esse,
1057 593 1089 644 et
1102 599 1171 642 rem
1183 579 1225 641 ad
1239 581 1423 645 seditionem

253 657 258 670 '
373 664 549 748 ‘spectarc,
564 666 596 728 ni
611 685 741 750 propere
757 665 912 729 dimittitis
923 666 1193 748 plebis'concilium
1205 664 1229 728 l'

417 749 470 814 lV.
492 751 584 814 Plcbe
599 752 734 831 dimissa,
751 762 873 814 senatus
887 763 1023 831 vocatur,
1033 764 1066 816 et
1078 752 1218 816 eonsules
1233 755 1368 818 referunt
1380 755 1422 818 de

373 839 1305 990 fill.illitis.l.²{‘¹.lilss.‘¹⁸.⁰lll¹lll.²ltll
1318 840 1423 991 ..l-l·

372 1010 384 1044 ‘
399 1011 537 1074 damnari
549 1033 581 1074 se
595 1012 634 1073 ab
651 972 735 1074 iralis
750 948 866 1074 civibus
882 1032 1004 1094 passum
1020 1033 1094 1074 esse.
1137 1011 1336 1076 Decemviros
1349 975 1423 1076 antri

373 1097 480 1177 scum,
491 1119 618 1182 quorum
640 1098 755 1180 legibus
779 1097 819 1160 ad
838 1107 905 1160 cem
924 1098 1005 1159 diem
1015 1099 1157 1178 viverent,
1178 1101 1293 1162 multos
1311 1111 1424 1182 postea

373 1183 386 1217 ‘
422 1185 551 1267 rincipes
564 1185 706 1261 civitatis,
714 1183 864 1267 judicium
875 1185 1197 1268 desepopulipassos.
1227 1185 1421 1248 Postumium

372 1205 581 1354 ‘lyrgensem
595 1269 808 1352 ”suffragium
824 1271 939 1354 populo
951 1270 1114 1334 Romano‘
1128 1273 1300 1351 extorsisse,
1311 1273 1421 1336 conci-

372 1356 383 1389 ‘
397 1355 471 1418 lium
480 1355 577 1439 plebis
586 1357 753 1436 sustulisse,
759 1358 897 1420 tribunos
905 1358 938 1419 in
947 1358 1085 1419 ordinem
1094 1357 1240 1440 coegisse,
1245 1371 1420 1442 contrapo-

371 1440 501 1525 ‘puisun
511 1441 684 1505 Romanum
700 1447 728 1484 ²⁴
738 1445 836 1506 aciem
850 1444 1053 1520 instruxissef,
1074 1445 1174 1506 locum
1195 1465 1369 1528 occupasse,
1383 1457 1421 1508 ut

366 1527 382 1560 '‘
397 1529 564 1592 tribunosa
594 1529 660 1606 lcbe
668 1529 1000 1609 intercluderettribus
1008 1530 1041 1592 in
1049 1530 1335 1611 suffragiumvocari
1345 1552 1421 1615 pro-

347 1669 352 1680 .
371 1615 382 1648 ‘
396 1615 524 1679 biberet.
547 1550 633 1696 Nlhil
645 1615 726 1678 uliud
739 1617 850 1680 acaede
861 1637 897 1679 ac
912 1616 1111 1680 dimicatione
1121 1618 1306 1679 continuisse
1318 1619 1422 1680 honri·

351 1759 354 1768 .
371 1701 383 1734 ‘
395 1703 525 1782 nes3nis'i
532 1703 715 1786 patientiam
723 1704 968 1785 magistratuum,
975 1703 1056 1785 quod
1066 1699 1421 1787 cesserintinprasentia

281 1802 283 1813 ’
371 1787 489 1851 ‘furori
513 1800 605 1872 atque
631 1789 766 1851 andaciae
791 1809 968 1872 paucorum,
992 1789 1132 1870 vincique
1154 1809 1189 1850 se
1214 1810 1251 1851 ac
1273 1790 1418 1873 populum

371 1874 383 1908 ‘
398 1873 572 1938 Romanum
588 1877 668 1958 passi
691 1876 775 1939 sinte
801 1887 833 1937 et
847 1876 983 1952 comitia,
1008 1896 1074 1959 quoe
1095 1894 1163 1937 reus
1175 1876 1204 1936 vi
1220 1886 1312 1958 atque
1327 1877 1417 1939 annis

371 1961 383 1996 ‘
397 1961 603 2046 prohibiturus
615 1973 690 2041 erat,
701 1983 741 2024 ne
752 1981 860 2024 caussa
869 1961 1071 2044 quaerentibus
1087 1961 1315 2024 dimicationem
1326 1963 1417 2024 dare·

371 2047 456 2128 ‘tur,
478 2049 635 2112 voluntate
658 2049 751 2131 ipsius
772 2048 960 2112 sustulerint.
1002 2045 1111 2110 ”Haec
1126 2045 1218 2129 quum
1235 2049 1276 2111 ab
1295 2050 1416 2132 optimo

372 2155 493 2218 qnoque
517 2156 572 2219 pro
595 2134 757 2197 atrocitate
779 2135 822 2196 rei
844 2144 941 2196 acta⁸
963 2146 1076 2214 essent,
1090 2135 1209 2217 vimque
1222 2155 1291 2196 earn
1307 2145 1417 2198 contra

371 2220 590 2304 rempublicam
606 2233 639 2284 et
643 2221 825 2366 pernicioso
839 2221 980 2304 exemplo
1001 2221 1128 2299 iactam,
1149 2231 1272 2285 senatus
1294 2221 1417 2284 decres-

203 2325 343 2392 ιωαρις..
371 2317 436 2382 set3
465 2307 627 2369 confestim
671 2307 765 2370 arsilli
787 2306 900 2368 tribuni
923 2307 1042 2390 plebis,
1059 2307 1173 2370 omissa
1191 2308 1294 2371 multae
1316 2320 1417 2371 certa·

203 2393 288 2472 isne·
296 2391 351 2470 1²⁰3·
370 2391 464 2469 tione,
489 2392 538 2454 rei·
554 2391 694 2474 capitulis
724 2393 806 2455 diem
827 2392 986 2456 Postumio
1013 2395 1175 2457 dixerunt:
1200 2415 1248 2473 uc,
1271 2395 1304 2456 ni
1324 2395 1417 2457 redes

205 2459 358 2575 ἓῒτῖᾝ
371 2477 468 2557 daret,
491 2479 638 2562 prehendi
661 2480 818 2560 asistere,
840 2491 931 2563 atquc
954 2482 986 2542 in
1001 2501 1156 2543 carcerem
1172 2480 1241 2542 duci
1252 2479 1418 2563 jusserunt.

371 2561 552 2644 Postumius,
564 2565 689 2630 vadibus
701 2566 791 2647 datis,
802 2587 864 2629 non
881 2567 988 2630 adluit.
1013 2566 1142 2630 Tribuni
1153 2567 1274 2652 plebem
1290 2588 1416 2650 rogave·

370 2664 451 2733 runt,
474 2652 637 2737 plebesque
656 2655 702 2717 ita
721 2654 829 2717 scivit:
845 2652 902 2717 ‘Si
915 2652 962 2717 M.
973 2651 1146 2717 Postumius
1168 2666 1241 2717 ante
1262 2653 1416 2717 Kalendas

370 2741 381 2773 ‘
395 2738 497 2802 Maias
506 2760 568 2803 non
577 2740 738 2823 prodisset,
744 2742 913 2826 citatumque
922 2762 960 2803 co
968 2741 1018 2803 die
1026 2760 1088 2802 non
1098 2741 1313 2823 respondisset,
1319 2761 1418 2823 neque

366 2828 382 2869 v‘
395 2838 556 2889 excusatus
567 2838 657 2906 esset,
666 2829 795 2891 ”videri
805 2848 875 2891 eum
886 2829 918 2889 in
929 2827 1037 2891 exsilio
1046 2848 1126 2889 esse:
1138 2827 1280 2909 mosque
1290 2826 1354 2909 ejus
1363 2848 1416 2889 re-

367 2914 382 2948 ‘
396 2914 471 2993 nire,
482 2916 509 2961 ¹⁷
516 2914 574 2996 ipsi
584 2934 663 2997 aqna
675 2926 707 2977 et
716 2914 780 2997 igni
792 2915 913 2997 placere
922 2913 1074 2977 interdici.
1096 2910 1232 2995 Singulis
1242 2914 1415 2977 deindeeo-

370 3020 448 3079 rum,
464 3001 515 3083 qui
530 3000 625 3065 turbes
635 3022 671 3063 ac
687 3000 835 3063 tumultus
849 3001 1053 3063 concitatores
1065 3000 1197 3078 fuerant,
1213 3001 1256 3063 rei
1276 3000 1415 3085 capitalis

203 3092 347 3148 inminuta
369 3088 452 3151 diem
467 3081 578 3166 dicere,
594 3108 630 3150 ac
644 3088 736 3151 vades
751 3108 877 3172 poscere
892 3097 1059 3171 coeperunt.
1102 3084 1204 3150 Primo
1219 3108 1283 3150 non
1298 3087 1417 3166 dantes,

203 3164 342 3289 &3:¹30
369 3186 819 3303 ,ξξιιιὲιιῐζιριιυιήιῦιωῦιιι
911 3269 914 3275 Ι
984 3183 1384 3236 ῐὶιιιινιιιίωῐ.ι“ιιιιιάιιιὶιιι6ιοιι.

204 3303 270 3343 ‘um‘
367 3270 427 3369 'lg
443 3334 483 3384 Vos
498 3287 637 3384 is'ordinesr
651 3342 731 3385 motos
747 3332 800 3399 esse]
821 3334 878 3383 Vid.
923 3332 963 3411 ,Ἀ
980 3331 1034 3381 Hes
1051 3341 1221 3411 pessimam
1235 3332 1417 3410 entntJGruno-

359 3462 677 3527 ι,
765 3465 811 3511 ...
909 3398 1420 3513 oss...

369 3526 460 3593 tunsus]
481 3481 566 3591 striis
587 3477 749 3575 oldiituntpfr'd
766 3543 809 3588 per
824 3530 876 3576 sies.
901 3478 955 3576 bon
965 3528 1011 3575 viss
1020 3539 1065 3577 est.

368 3588 425 3642 Duo
445 3592 483 3641 rei
502 3592 583 3656 epnmi
601 3590 688 3640 hebent
706 3593 787 3652 populo
804 3590 834 3641 R.
853 3592 878 3641 id
939 3589 962 3624 ὕ
978 3592 993 3623 ⁰
1007 3590 1091 3655 Viden]
1106 3590 1418 3657 Hecerrtspudliomsnos
1513 3596 1517 3603 '

368 3670 413 3717 est¹
430 3656 552 3707 Romanor
575 3672 627 3719 quse
647 3670 703 3705 vers
721 3654 792 3705 lectio
813 3656 877 3705 ride-
907 3656 1006 3705 formrrls
1025 3657 1127 3706 serendae
1145 3659 1170 3707 in
1190 3674 1267 3708 rerum
1285 3658 1419 3706 unrenrira

369 3736 422 3773 surr
450 3734 475 3773 et
496 3722 577 3771 eodem
605 3722 709 3770 alludunt
729 3722 811 3780 ceteri,
838 3722 877 3787 qui
909 3720 1020 3772 cmlv.
1031 3722 1055 3769 in
1065 3721 1134 3773 Vcrr.
1145 3726 1219 3773 mli.
1251 3722 1333 3771 Fecisse
1346 3723 1419 3769 uideri

368 3788 419 3841 iere
428 3787 659 3851 habentpspalorunr.
692 3786 876 3848 legemusergo:
905 3789 1068 3850 muriceis.
1083 3786 1419 3840 vnenermssdxxxrr.

369 3872 396 3904 su
459 3856 502 3903 ἰιιιι
532 3854 611 3914 populo
637 3851 736 3899 Βοιωιιο
761 3855 877 3902 &term
908 3850 1027 3901 ibinirs.

368 3920 413 3970 Est
431 3919 505 3985 a'qus
521 3916 633 3980 emphasis
648 3916 673 3965 in
688 3917 784 3965 nomine
800 3918 877 3983 poprrli
938 3916 961 3955 ἥ
977 3916 1023 3980 Ipsi
1044 3934 1105 3983 eque
1122 3927 1145 3967 et
1163 3914 1416 3982 igni-...incrdiffl

369 3986 469 4035 Romani
478 3985 515 4033 iric
531 3998 644 4047 expresso.
676 3980 715 4031 sic
729 3982 877 4046 protenta,
906 3978 979 4029 Nulla
999 3983 1050 4045 lege
1069 3984 1127 4049 apud
1146 3983 1262 4031 Romanos
1279 3981 1418 4031 melefiriurn

368 4048 877 4115 smrlrnpoprslumliorronrnnucismiastrus·
908 4046 988 4096 exsilio
1005 4050 1153 4098 multabatur.
1193 4046 1248 4096 Vid.
1263 4046 1314 4094 Cre.
1330 4059 1372 4107 pro
1385 4044 1420 4094 Α.

370 4117 416 4165 isse.
676 4126 680 4137 ’
908 4112 1011 4174 Cercius,
1020 4129 1045 4164 n.
1057 4115 1110 4164 100.
1140 4114 1234 4161 Atmor
1250 4120 1300 4160 erat
1317 4124 1376 4172 sque
1389 4121 1417 4158 et

400 4180 424 4213 ⁹⁴
439 4176 658 4240 Aeimbnbusisse]
679 4176 717 4226 sie
736 4176 878 4241 pisnelbct.
907 4176 954 4238 igni
982 4179 1116 4229 interdicere
1142 4176 1252 4237 muribus,
1282 4184 1310 4222 nt
1333 4188 1418 4223 esrum

369 4244 448 4293 codex.
491 4245 524 4293 Et
549 4242 639 4292 firment
667 4243 748 4306 optimi
774 4260 788 4292 e
816 4243 877 4292 Gro-
908 4257 986 4291 rerum
1004 4241 1184 4299 usuinterdisto,
1201 4242 1252 4289 sine
1268 4239 1351 4304 quibus
1369 4239 1417 4287 rire

369 4308 481 4369 amissis,
500 4310 539 4373 qui
551 4320 696 4357 unsrsnrurn
709 4307 878 4358 linenderur·
909 4306 1032 4358 hominurn
1052 4320 1153 4358 censure
1174 4322 1222 4355 non
1243 4316 1328 4370 potest,
1349 4302 1417 4352 dser-

336 4422 341 4433 ,
369 4369 413 4419 resi
439 4373 563 4488 merant
583 4374 711 4425 secururs.
750 4371 879 4434 Vulgarum
909 4370 958 4419 nsti
968 4375 1211 4437 exrdaecogsrentur.
1244 4371 1336 4421 Quibus
1349 4368 1419 4432 igitur

372 4436 378 4447 '
475 4438 481 4449 '
531 4434 670 4491 minuisse
691 4437 742 4491 loco
763 4440 879 4507 proprium
910 4440 1059 4501 squserlgni
1077 4440 1226 4489 inrerdirrum
1241 4434 1418 4498 eraniiemlss

372 4509 416 4551 eet.
910 4505 1149 4572 miserrumum
1159 4505 1304 4563 empsisse.
