3092 5200
347 355 409 419 240
772 351 857 415 ’ΠΗ
877 349 977 416 mvn
1067 416 1077 426 ,

181 529 321 587 taceas.
348 511 475 574 navibus
497 505 597 591 longis
623 505 720 572 mittit
744 508 785 588 ad
806 510 918 574 ostium
944 506 1089 588 fluminis,
1123 525 1195 570 cum
1220 508 1245 548 ¹¹
1257 505 1403 595 prefecto

180 596 319 652 ΜΝ·
348 598 477 678 socium,
504 595 544 668 Q.
570 593 675 659 Naevio
705 593 817 675 Crista,
843 597 908 660 viro
936 596 1058 681 inpigro
1086 605 1120 658 et
1148 594 1247 680 perito
1274 596 1401 660 militiae.

285 711 289 718 ·
348 685 388 765 Is,
403 683 558 768 expositis
582 684 613 744 in
639 695 753 746 terram
775 683 930 762 militibus,
952 685 1137 766 navibusque
1157 681 1283 744 Oricum
1307 694 1400 762 retro,

343 772 426 835 unde
441 780 574 848 venerat,
598 769 640 833 ad
663 781 800 833 ceteram
814 771 941 832 classem
955 771 1098 848 remissis,
1124 768 1238 832 milites
1258 769 1400 852 procula

310 907 311 912 η
346 859 469 922 flumine
484 877 539 940 per
552 857 632 920 viam
648 856 775 919 minime
790 857 829 918 ab
844 857 935 938 regiis
947 857 1102 920 obsessam
1117 856 1216 935 duxit,
1243 867 1276 920 et
1294 867 1397 935 nocte,

345 945 391 1008 ita
419 955 454 1008 nt
478 964 570 1006 nemo
596 943 728 1005 hostium
753 943 889 1021 sentiret,
915 944 1020 1006 urbem
1042 953 1109 1007 est·
1131 943 1294 1026 ingressus.
1337 941 1399 1005 Die

344 1030 514 1113 insequenti
543 1030 691 1114 quievere,
713 1029 786 1092 dum
811 1029 970 1113 prefectus
994 1030 1186 1112 juventutem
1214 1029 1397 1114 Apollonia·

343 1119 434 1197 tium,
450 1135 595 1198 annaque
617 1127 649 1179 et
672 1115 754 1178 urbis
767 1117 847 1178 vires
862 1116 1033 1199 inspiceret
1056 1118 1108 1179 ubi
1127 1138 1165 1179 ea
1184 1117 1249 1179 visa
1274 1117 1394 1200 inspec-

343 1216 436 1287 taque
465 1204 538 1267 satis
568 1203 738 1266 animorum
768 1203 878 1281 iecere,
911 1202 1060 1283 simulque
1089 1205 1127 1265 ab
1156 1202 1394 1286 exploratoribus

343 1292 502 1376 comperit,
529 1303 643 1374 quanta
662 1290 805 1352 socordia
822 1311 859 1351 ac
873 1289 1070 1371 neglegentia
1083 1289 1163 1374 apud
1177 1289 1279 1352 hostes
1292 1300 1392 1368 esset3

343 1377 465 1441 silentio
491 1379 591 1440 noctis
617 1377 657 1442 ab
680 1378 755 1439 urbe
777 1375 842 1438 sine
869 1375 933 1438 ullo
962 1376 1096 1439 tumultu
1122 1395 1268 1460 egressus,
1292 1390 1394 1439 castra

343 1465 478 1528 hostium
500 1464 579 1527 adeo
602 1464 744 1546 neglecta
766 1476 858 1544 atque
882 1475 991 1547 aperta
1014 1463 1149 1542 intravit,
1174 1473 1211 1526 ut
1228 1463 1299 1524 satis
1316 1483 1393 1526 con·

343 1563 448 1632 staret,
474 1551 558 1635 prius
586 1549 669 1614 mille
698 1551 858 1612 bominum
882 1549 997 1612 vallum
1027 1549 1167 1628 intrasse,
1196 1547 1286 1629 q'uam
1309 1550 1392 1633 quis·

343 1643 435 1724 qnam
451 1638 600 1702 sentiret:
624 1659 671 1716 ac,
697 1637 723 1699 si
747 1637 830 1699 cede
855 1637 1084 1716 abstinuissent,
1109 1635 1264 1719 pervenire
1285 1636 1325 1698 ad
1345 1648 1395 1699 ta-

343 1725 539 1790 bernaculum
569 1724 684 1808 regium
716 1723 862 1808 pomisse.
920 1721 1028 1786 Caedes
1057 1724 1270 1808 proximorum
1302 1733 1396 1805 portae

344 1815 489 1876 excitavit
503 1813 616 1896 hostes.
637 1811 708 1874 inde
729 1821 833 1873 tantus
848 1823 946 1874 terror
967 1831 1124 1894 pavorque
1143 1829 1251 1874 omnes
1264 1828 1396 1890 occupa-

342 1901 398 1977 vit,
420 1912 455 1964 ut
470 1903 567 1964 ¹¹non
583 1899 677 1961 modo
692 1897 768 1960 alius
784 1899 945 1980 quisquam
964 1918 1051 1959 arma
1064 1908 1198 1980 caperet,
1220 1907 1274 1958 ant
1287 1895 1395 1958 castris

342 1988 455 2072 pellere
476 1985 597 2051 hostem
619 1997 802 2063 conaretur3
826 1985 881 2049 sed
907 1985 1002 2047 etiam
1017 1985 1082 2068 ipse
1105 2005 1169 2062 rex,
1192 1983 1272 2046 sicut
1285 2001 1393 2044 somno

343 2075 461 2138 excitus
483 2086 560 2153 erat,
585 2093 682 2157 prope
708 2071 885 2134 seminudus
910 2071 1043 2154 fugiens,
1065 2071 1156 2134 militi
1183 2088 1311 2152 quoque,
1336 2088 1393 2130 ne·

343 2161 417 2224 dum
438 2161 513 2243 regi,
538 2162 590 2222 vix
609 2160 722 2222 decoro
747 2159 865 2238 habitu,
890 2159 930 2221 ad
948 2157 1060 2221 flumen
1081 2177 1232 2238 navesque
1247 2155 1393 2238 profuge·

342 2248 393 2310 rit.
406 2248 517 2310 codem
533 2257 565 2308 et
579 2246 640 2308 ulia
654 2246 744 2310 turba
765 2246 861 2307 efflusa
875 2257 932 2308 est.
957 2261 960 2264 ’
977 2242 1083 2307 Paullo
1103 2245 1203 2308 minus
1223 2243 1284 2306 tria
1296 2241 1395 2304 millia

341 2334 475 2397 militum
492 2333 647 2396 incastris
672 2345 725 2396 aut
750 2345 852 2416 capta,
875 2343 929 2396 eut
951 2331 1154 2416 occisa-plus
1173 2342 1277 2394 tamen
1292 2329 1395 2391 honri·

343 2441 417 2482 num
432 2421 589 2502 eliquanto
610 2431 746 2503 captum,
769 2440 862 2501 quam
876 2440 998 2498 caesum,
1020 2430 1077 2481 est.
1122 2417 1238 2480 Castris
1257 2415 1394 2498 direptis,

342 2505 546 2590 Apolloniates
561 2507 744 2590 catapultas,
766 2505 914 2585 ballistas,
928 2517 1144 2588 tormentaque
1162 2505 1234 2584 alia,
1257 2523 1323 2584 quae
1336 2503 1393 2564 ob-

342 2594 513 2678 pugnanda
527 2594 594 2657 urbi
605 2604 785 2677 comparata
798 2605 896 2673 erant,
908 2594 948 2657 ad
962 2593 1077 2657 tuenda
1090 2592 1215 2670 moenia,
1230 2591 1256 2653 si
1270 2589 1393 2673 quando

343 2682 451 2743 similis
466 2680 589 2744 fortuna
601 2683 742 2760 venisset,
767 2681 964 2764 Apolloniam
985 2680 1154 2743 devexere:
1177 2691 1282 2743 cetera
1295 2676 1394 2739 omnis

342 2766 445 2851 praeda
458 2778 625 2831 castrorum
640 2767 789 2832 Romanis
802 2788 947 2831 concessa
967 2779 1025 2832 est.
1068 2765 1144 2830 Haec
1158 2786 1252 2847 quum
1266 2763 1392 2827 Oricum

341 2866 444 2919 essent
467 2856 621 2935 nunciata,
647 2852 694 2918 M.
717 2853 855 2917 Valerius
879 2856 1008 2918 classem
1037 2854 1193 2937 extemplo
1215 2853 1256 2916 ad
1278 2851 1392 2915 ostium

342 2940 474 3005 fluminis
490 2943 588 3022 duxit,
609 2963 649 3004 ne
669 2941 797 3005 navibus
811 2962 967 3025 capessere
982 2941 1086 3024 lugam
1100 2960 1155 3005 rex
1169 2952 1285 3025 posset.
1328 2936 1393 2999 Ita·

342 3048 401 3111 que
416 3026 587 3113 Philippus,
610 3050 709 3111 neque
730 3024 875 3107 terrestri,
899 3050 997 3111 neque
1017 3028 1117 3091 navali
1138 3026 1305 3091 certamine
1317 3023 1392 3089 satis

341 3115 407 3178 fore
428 3134 533 3200 parem
557 3139 590 3181 se
616 3116 721 3195 fidens,
744 3116 900 3179 subductis
925 3126 980 3179 aut
1003 3114 1134 3178 incensis
1155 3114 1291 3192 navibus,
1313 3123 1394 3174 terra

341 3200 560 3268 Macedoniam
575 3204 677 3288 petiit,
692 3222 805 3287 magna
823 3208 862 3265 ex
886 3215 973 3285 parte
999 3202 1108 3264 inermi
1124 3200 1258 3265 exercitu
1278 3198 1391 3283 spolia·

341 3300 443 3371 toque.
487 3290 628 3373 Romana
642 3290 829 3354 classiscum
841 3288 889 3353 M.
903 3285 1028 3352 Valerio
1041 3288 1128 3351 Orici
1142 3285 1322 3351 hibemavit.
1380 3348 1384 3357 ,

383 3374 468 3440 XLI.
489 3376 609 3440 Eodem
624 3396 706 3438 anno
720 3377 751 3439 in
766 3375 919 3459 Hispania
931 3376 1014 3439 varie
1034 3398 1082 3438 res
1103 3386 1205 3459 geste.
1224 3394 1307 3451 nam,
1327 3372 1392 3456 pri·

339 3482 466 3543 usquam
491 3460 624 3525 Romani
647 3482 768 3525 amnem
785 3462 907 3526 iberum
931 3463 1105 3543 transirent,
1130 3463 1268 3546 ingentes
1283 3458 1390 3541 copias

340 3546 548 3629 Hispanorum
584 3546 681 3629 Mago
712 3561 746 3611 et
782 3546 953 3613 Hasdrubal
986 3550 1138 3614 ludemnt.
1169 3547 1391 3627 defecissetque

340 3635 379 3697 ab
395 3632 542 3695 Romanis
563 3634 688 3697 ulterior
710 3632 873 3719 Hispania,
901 3637 934 3699 ni
957 3635 990 3699 P.
1005 3635 1177 3715 Cornelius,
1201 3634 1314 3720 raptim
1328 3647 1392 3695 tra·

254 3750 261 3760 ·
340 3721 433 3805 ducto
454 3721 589 3783 exercitu
613 3718 744 3803 Iberum,
768 3724 867 3785 dubiis
893 3724 1043 3797 sociorum
1069 3724 1179 3786 animis
1200 3722 1232 3785 in
1254 3728 1391 3803 tempore

339 3808 520 3872 advenisset.
563 3806 665 3871 Primo
692 3808 733 3871 ad
762 3822 896 3874 castrum
921 3811 1028 3874 Altum
1061 3810 1159 3891 (locus
1188 3822 1236 3875 est
1265 3805 1391 3888 insignis

340 3892 586 3979 ¹⁸caede'msgni
617 3894 816 3979 Hamilcaris)
845 3909 945 3961 castra
974 3896 1108 3960 Romani
1138 3898 1282 3961 habuere.
1325 3892 1394 3956 Arx

729 4039 739 4064 ¹
754 4038 786 4081 eat
796 4031 841 4082 dcl.
852 4034 929 4083 Groa.
939 4031 1008 4083 Cres.

256 4116 261 4121 '
371 4121 391 4155 ¹¹
412 4120 518 4188 Prq'en
537 4120 629 4186 mlta]
655 4120 713 4172 vit.
734 4132 785 4171 nor.
807 4124 848 4173 as.
878 4122 1024 4189 appreensa
1041 4120 1123 4173 estet
1138 4136 1192 4183 m,
1210 4119 1265 4179 lica
1280 4130 1391 4167 mse-

337 4185 550 4240 adl.xrrnr.e.7.
583 4186 848 4253 Ceterummagmpm
880 4183 1392 4253 qmtur,nmm....qsidn(qudm

336 4249 471 4364 mu
488 4318 850 4384 ...n
878 4256 993 4369 ue·
1011 4252 1180 4382 mm
1198 4252 1289 4316 Μ)
1308 4262 1391 4298 e·

398 4330 405 4360 ἵ
514 4334 584 4367 mut
705 4334 731 4368 u!
947 4334 1003 4367 lm?
1091 4334 1107 4367 n
1176 4332 1224 4367 um.

336 4377 397 4455 huie·
408 4382 487 4445 topia,
508 4399 643 4449 quocunque
671 4386 742 4448 gradu
762 4385 850 4435 militia
914 4384 935 4419 ¹³
952 4383 1016 4433 Cede
1033 4387 1110 4449 magni
1127 4380 1257 4447 hilaro]
1277 4378 1336 4446 llius
1354 4380 1393 4428 ni·

261 4500 268 4513 θ
335 4442 431 4494 fuant.-
879 4448 1100 4517 mirum,quipater
1108 4448 1231 4502 amium
1240 4448 1312 4499 fait.-

372 4507 907 4578 19Νινιιυιυοίυ]Νοιιιιιοᾱοιιοτι.ΗίΓ
985 4529 996 4560 τ
1078 4530 1129 4549 ·⁴
1204 4537 1302 4561 ··›
1379 4533 1383 4539 ·
