3092 5200
504 371 593 440 tm.
606 369 711 440 XXV.
724 373 807 440 CAP.
818 377 859 439 11.
1152 383 1213 442 25³

166 535 395 620 ⁸triumuirique
416 536 572 620 capitales,
595 535 677 618 quod
695 519 759 599 non
782 526 989 619 prohiberent,
1013 553 1107 617 quum
1126 557 1211 601 emo·
1226 551 1364 610 mesas.

169 645 234 688 rere
249 643 317 687 eam
328 623 552 686 multitudinem
562 643 579 685 e
588 623 667 703 soro,
680 643 715 686 ac
724 620 866 705 disjicere
880 621 1045 704 adparatus
1056 644 1212 687 sacmrum
1224 621 1257 670 A.
1266 623 1296 677 c·
1307 624 1362 674 21³.

167 713 270 774 conati
284 721 397 790 essent,
421 711 501 774 haud
516 711 622 794 procul
637 710 724 789 afuit,
747 710 820 792 quin
836 709 1032 772 violarentur.
1077 707 1139 772 Ubi
1155 732 1212 795 po·

166 799 280 860 tentius
302 797 369 881 jam
391 819 456 881 essg
478 797 511 859 id
526 797 651 859 mulum
663 797 816 880 adparuit,
833 809 933 877 'quam
954 807 991 859 ut
1011 797 1144 858 minores
1159 817 1213 880 per

166 886 364 967 magistratus
379 884 547 964 sedaretur,
562 881 739 946 ⁸M.Atilio
762 883 884 966 praetori
902 883 987 944 urbis
1001 883 1158 964 negotium
1174 885 1213 946 ab

167 983 273 1033 senatu
290 971 466 1050 detumeat,
488 983 525 1033 ut
547 971 594 1032 his
609 970 805 1052 religionibus
820 969 967 1054 populum
989 970 1139 1033 liberaret.
1184 968 1214 1032 is

169 1068 201 1120 et
215 1059 247 1120 ln
261 1059 407 1120 concione
418 1057 712 1121 senatusconsultum
724 1057 873 1135 recitavit,
885 1067 917 1119 et
936 1055 1042 1135 edixit,
1057 1053 1135 1135 ‘Ut,
1146 1056 1214 1138 qui·

168 1145 322 1228 ‘cumque
332 1144 424 1206 libms
435 1143 582 1209 uaticinos
598 1143 838 1226 precationesie,
850 1155 904 1206 aut
914 1153 1012 1205 artem
1024 1143 1215 1206 sacrificandi

167 1230 398 1314 ‘conscriptam
410 1231 547 1310 haberet,
567 1249 620 1292 eos
632 1228 724 1292 libros
740 1249 846 1292 omnes
861 1230 1022 1314 literaeque
1040 1229 1127 1292 adse
1143 1241 1215 1292 ante
1228 1247 1365 1298 caseam

168 1317 178 1351 ‘
195 1315 349 1380 Kalendas
360 1317 480 1400 Apriles
492 1316 644 1379 deferret:
661 1336 720 1379 neu
732 1317 810 1398 quis,
821 1316 854 1378 in
864 1315 987 1400 publico
999 1337 1124 1379 sacrove
1134 1316 1215 1396 loco,
1227 1327 1320 1364 ‘tm

168 1404 273 1466 ‘nouo
288 1416 342 1468 aut
355 1416 482 1466 externo
498 1404 565 1465 ritu‘
574 1401 780 1466 sacrificaret?

165 1519 169 1530 ·
211 1487 252 1554 ΙΙ.
277 1489 319 1553 Et
334 1489 450 1571 aliquot
464 1490 578 1572 publici
599 1489 773 1552 sacerdotes
793 1491 904 1553 mortui
920 1512 957 1554 eo
969 1511 1051 1554 anno
1068 1504 1157 1555 sunt:
1180 1489 1216 1555 L
1228 1503 1363 1554 secema

169 1573 330 1660 Cornelius
353 1574 499 1638 Lentulus
525 1575 665 1658 pontifex
691 1576 853 1655 maximus,
879 1588 911 1639 et
921 1577 958 1639 C.
968 1575 1105 1662 Papirius
1131 1577 1168 1640 C.
1179 1575 1215 1640 F.
1228 1571 1349 1646 ΜΨ

169 1661 261 1726 maso
287 1663 435 1745 pontifex,
457 1675 490 1726 er
511 1659 545 1724 Ρ.
558 1661 663 1724 maus
678 1660 782 1724 Philus
804 1682 909 1744 augus
932 1635 1339 1731 ste.rsmus1.'''¹““¹·

168 1747 204 1811 F.
220 1747 311 1811 Maso
324 1749 476 1812 decemuir
486 1767 653 1811 sacrorum.
697 1747 733 1810 ln
747 1747 870 1811 Lentuli
885 1749 986 1812 locum
998 1748 1045 1811 M.
1103 1751 1216 1813 melius

171 1833 336 1918 Cethegus,
362 1835 394 1896 in
409 1832 521 1918 Papirii
537 1833 595 1897 Cn.
611 1831 753 1896 Servilius
773 1832 887 1917 Capio,
909 1834 1067 1917 pontifices
1088 1837 1216 1899 subiecti

170 1934 250 1984 sunt.
273 1941 368 2004 augur
389 1931 507 1983 creatus
523 1917 558 1982 L.
568 1919 729 1992 Quinctius
742 1917 941 1998 Flamininus,
952 1919 1103 1983 decemuir
1113 1943 1226 1986 sacro·

169 2027 237 2070 mm
263 2005 298 2070 L.
313 2005 472 2070 Cornelius
488 2004 646 2070 Lentulus.
696 2004 898 2068 Comitiomm
924 2008 1128 2071 consularium
1148 2007 1216 2091 jam

170 2095 335 2177 adpetebat
349 2105 412 2156 tem
434 2114 489 2155 us·
505 2093 570 2171 sed,
586 2093 657 2177 quia
671 2093 809 2155 consules
821 2114 841 2155 a
850 2093 932 2156 bello
943 2093 1077 2156 intentos
1089 2115 1216 2158 avocare

170 2179 397 2264 conplacebat,
410 2115 459 2242 ii
466 2177 664 2261 Sempronius
674 2179 779 2241 consul
791 2179 984 2242 comitiorum
995 2201 1102 2243 caussa
1114 2181 1215 2244 dicta·
1227 2191 1334 2244 nautor
1344 2209 1383 2245 cs-

172 2279 271 2330 torem
283 2267 361 2329 dixit
372 2263 408 2328 C.
417 2264 578 2328 Claudium
590 2264 794 2328 Centhonem.
813 2267 852 2326 ab
868 2287 905 2327 eo
922 2267 1068 2348 magister
1079 2268 1216 2350 equitum
1230 2260 1352 2311 naam

172 2365 219 2416 est
233 2354 331 2416 dictus
354 2351 526 2424 Q.Fulvius
547 2351 683 2414 Flaccus.
726 2350 868 2414 Dictator
889 2352 989 2434 primo
1005 2353 1151 2415 comitiali
1166 2339 1313 2417 diem·

172 2439 287 2502 creavit
312 2439 450 2501 consules
475 2438 514 2511 Q.
536 2437 673 2500 Fuluium
689 2436 843 2516 Flaccum,
866 2439 1044 2520 magistrum
1067 2441 1215 2522 equitum,

171 2536 204 2588 et
225 2526 285 2609 Ap.
301 2524 461 2587 Claudium
476 2523 649 2604 Pulchrum,
672 2526 720 2588 cui
736 2522 843 2587 Sicilia
863 2525 1019 2608 provincia
1039 2527 1071 2589 in
1086 2539 1216 2611 praetura

171 2614 280 2677 iuerat.
312 2610 392 2674 Tum
401 2622 543 2697 praetores
558 2614 652 2675 creati
672 2611 729 2674 Cn.
741 2611 861 2674 Fulvius
871 2611 1008 2692 Flaccus,
1024 2612 1061 2678 C.
1071 2613 1217 2679 Claudius

171 2698 265 2780 Nero,
291 2696 338 2762 M.
348 2698 459 2762 Junius
475 2698 605 2779 Silanus,
626 2698 659 2761 P.
675 2698 834 2763 Cornelius
850 2696 945 2761 Sulla.
990 2699 1131 2765 Comitiis
1146 2723 1217 2786 per·

173 2786 271 2864 lectis,
286 2786 420 2850 dictator
432 2778 610 2868 magistratu
622 2785 708 2848 abiit.
752 2788 765 2833 7
770 2782 883 2847 AEdilis
895 2778 1006 2848 curulis
1018 2787 1124 2851 luiteo
1137 2810 1218 2851 auno
1325 2781 1330 2794 ’

174 2894 245 2935 cum
261 2870 308 2936 M.
317 2871 462 2936 Cornelio
471 2872 610 2955 Cethego
621 2869 655 2934 P.
667 2871 825 2934 Cornelius
840 2869 955 2957 Scipio,
975 2873 1024 2935 eui
1044 2886 1114 2957 post
1133 2874 1217 2938 Airi-
1230 2886 1356 2941 necros.

174 2980 252 3021 cano
262 2960 321 3022 luit
332 2980 513 3040 cognomen.
531 2959 602 3021 huic
614 2958 730 3042 petenti
740 2958 918 3020 aedilitatem
932 2979 1026 3043 quum
1035 2961 1219 3025 obsisterent
1228 2954 1274 3032 ¹³¹¹!
1282 2956 1369 3034 scipta.

174 3045 287 3107 tribuni
302 3044 411 3129 plebis,
425 3056 573 3129 negantes
586 3044 737 3107 rationem
751 3042 817 3127 ejus
831 3042 1005 3107 habendam
1021 3066 1099 3124 esse,
1114 3047 1219 3129 lquod
1230 3019 1310 3073 ’Μ

173 3246 293 3303 ratemque
321 3237 444 3303 mesraim.
488 3236 576 3289 Confer
604 3236 681 3286 locum
745 3236 855 3286 'Mur
876 3238 964 3286 mestis
980 3236 1220 3302 ficit...cuss'll.

143 3322 146 3329 ·
174 3303 530 3367 phaegeminumltv.c.3ll.
638 3318 640 3325 ’
715 3301 815 3350 &maio
837 3301 928 3367 calogo
949 3300 979 3351 P.
1000 3302 1115 3351 σοι-Μῶα
1134 3303 1217 3367 Scipio]

208 3366 358 3419 ⁵Friuusulri
374 3402 381 3417 .
400 3404 407 3419 .
425 3367 539 3431 ccpitdlcs]
571 3366 605 3416 lli
633 3382 681 3416 ms·
713 3367 791 3416 Alter
811 3367 928 3430 Polybius,
946 3367 986 3431 qui
1004 3368 1057 3418 Lx.
1073 3367 1150 3417 scribit
1168 3368 1218 3417 sti.
1300 3370 1309 3381 '

174 3433 280 3496 ginatus
300 3444 365 3483 srsnt
379 3434 491 3495 suffragiis
508 3432 586 3497 populi
600 3434 681 3495 cressi,
712 3432 804 3497 ῥοηοω
815 3433 906 3481 utilem
923 3433 1028 3483 curulem
1039 3432 1113 3483 fuisss
1127 3449 1181 3483 cum
1191 3434 1219 3484 Ι..

175 3499 215 3562 qui
233 3498 264 3548 cis
280 3499 395 3549 maleficiis
409 3510 434 3549 et
448 3498 571 3549 sceleribus
586 3512 697 3559 coptos-s
712 3499 783 3547 irstrc
793 3502 890 3561 majac.

176 3575 263 3614 serent.
296 3564 400 3613 Multum
421 3563 450 3611 ds
472 3578 551 3613 corum
567 3574 681 3641 potestate
743 3563 755 3596 ⁸
772 3561 836 3617 Quod
851 3564 947 3612 nondun
966 3566 997 3612 cd
1011 3566 1129 3626 pctasdrsas
1142 3564 1219 3629 legiti-

175 3630 303 3679 dctractuar
330 3640 374 3689 est,
396 3628 527 3693 ccusritutis
554 3642 614 3676 circs
640 3642 681 3675 su·
711 3644 748 3677 sna
764 3637 816 3676 etas
830 3626 891 3694 aaut]
911 3627 1023 3678 Nondum
1045 3629 1136 3692 quidem
1155 3628 1220 3691 legas

176 3709 233 3744 num
252 3696 314 3744 urbis
332 3694 428 3743 ccrrditae
447 3696 502 3743 6⁰8.
520 3690 692 3756 questionibus¹
712 3693 816 3743 Annales
824 3693 878 3741 latss
888 3704 964 3744 eraut.
994 3695 1041 3743 Sed
1052 3693 1219 3757 uinimmjsur

173 3762 296 3825 perpetuis.
338 3760 400 3808 'l'um
428 3760 490 3809 enim
511 3760 553 3807 dc·
569 3758 681 3808 vilissimis
713 3768 764 3807 tum
784 3760 897 3808 andrum
915 3754 1001 3823 morsi,
1020 3774 1051 3809 us
1073 3760 1124 3823 quis
1145 3758 1220 3809 ullum

175 3826 224 3874 iere
241 3824 382 3884 housisibos,
398 3824 487 3873 furibus
504 3822 628 3887 seruisque,
640 3826 679 3888 Ju-
712 3823 825 3872 urbanum
846 3824 1004 3884 magistratum
1024 3835 1125 3888 caperet,
1152 3835 1218 3872 ance-

176 3890 280 3940 dicssere
306 3892 335 3939 sd
362 3888 491 3939 eduransro
510 3890 630 3945 Maeniam.
650 3888 680 3938 cis
713 3904 780 3953 quam
797 3890 855 3937 desa
872 3890 983 3953 stipendia
999 3890 1096 3939 emerita
1104 3887 1219 3937 haberetc

177 3970 220 4020 qus
238 3956 346 4020 freqcsns
364 3956 463 4005 occurrit
480 3956 540 4020 apul
558 3955 680 4017 scriptores
713 3954 771 4019 quod
789 3969 832 4002 suo
848 3969 897 4001 sera
913 3954 998 4003 serrari
1016 3956 1083 4004 dccet
1101 3952 1218 4019 Polybius,

177 4022 272 4070 mentio.
311 4020 385 4069 licien
403 4020 488 4069 cuceri
505 4030 627 4084 precemur,
653 4028 679 4067 ct
711 4018 857 4069 l.vr.u.17.
887 4018 958 4068 Porro
966 4019 1165 4083 decimo-septimo
1175 4019 1219 4067 ‹ls-

175 4084 326 4200 Friphffl
340 4084 679 4201 fflhumr‘ilids'affl'
712 4098 777 4197 iiis?
792 4084 1152 4213 iffssfflnffffii'm'iff
1162 4082 1218 4213 ,22

176 4230 230 4280 pcc.
242 4218 272 4265 dc
282 4216 349 4279 Orig.
359 4216 430 4265 Juris.
712 4226 779 4263 ersnt
788 4213 943 4276 nusg'tstrstnm
951 4216 1062 4265 urbanam
1073 4228 1153 4275 gersus
1162 4224 1217 4262 sats

207 4278 353 4331 ‘Malitio
373 4282 461 4344 pretori
482 4279 553 4345 nabis]
580 4280 628 4329 illc
655 4292 680 4330 et
693 4306 696 4311 ·
710 4294 796 4328 annuns
831 4280 904 4327 urstis
937 4279 1214 4342 vigesimum-septimum.

176 4344 235 4393 inira
252 4348 309 4396 ab.
324 4346 442 4407 lsgcbrtrsr
462 4344 607 4403 infinitis,
624 4356 679 4395 stc.
712 4346 744 4393 Ar
766 4345 842 4408 Scipio
860 4344 930 4393 terrio
946 4346 1028 4397 abhinc
1045 4358 1105 4395 succ
1120 4354 1219 4406 quatum

178 4410 217 4459 ts.
242 4408 277 4461 Μ.
289 4409 383 4461 Mi.
420 4410 503 4460 mlta
523 4408 559 4459 his
578 4411 603 4460 iu
623 4410 680 4459 locis
711 4409 924 4471 arigiatirsatuas
940 4424 1001 4463 anuo
1015 4409 1217 4463 masuetus·

175 4488 262 4523 mers
286 4474 404 4524 macuti
419 4476 575 4543 rspcnrudum
593 4476 681 4527 curarit
711 4474 951 4539 ambustum.

176 4539 513 4605 succurrendum.
523 4554 599 4609 supra.
