3092 5200
236 487 374 538 actea.

233 551 377 616 u.c.aor.

405 341 464 398 sar
837 332 1041 408 arrrarrn

403 491 454 555 tiis
476 488 670 554 statuendum
703 487 781 572 (jarn
810 488 892 550 enim
915 500 949 552 et
977 488 1088 552 nubilis
1113 499 1179 552 erat
1204 485 1309 572 virgo)
1333 489 1437 574 proiec-

403 589 453 640 tus
469 576 654 654 Hasdrubal,
679 587 714 638 ut
736 595 898 638 accensum
921 576 1091 658 cupiditate
1110 575 1155 656 (et
1167 589 1239 640 sunt
1255 587 1331 638 ante
1344 598 1436 640 omnes

402 663 545 727 Numidae
567 664 711 726 barbaros
741 661 828 726 effirsi
851 663 884 724 in
905 660 1070 742 Venerem)
1102 663 1207 741 sensit,
1238 663 1383 745 virginem
1404 668 1436 729 ab

404 749 595 833 Karthagine
626 751 761 827 arcessit,
789 761 982 832 maturatque
1010 749 1154 832 nuptias:
1186 762 1219 813 et
1249 750 1334 812 inter
1360 751 1435 813 aliam

322 877 325 884 ·
402 838 651 920 gratulationem,
679 849 712 900 ot
734 837 891 919 publicum
911 857 1031 920 quoque
1052 837 1152 899 loedus
1166 837 1289 920 privato
1305 835 1434 918 adjicere·

402 937 464 1004 tur,
496 925 626 987 societas
664 925 744 986 inter
782 923 928 1007 populum
959 922 1245 1006 Karthaginiensem
1262 945 1435 1006 regemque,

298 1007 300 1010 ’
402 1012 477 1075 data
491 1012 572 1075 ultro
593 1012 731 1092 citroque
753 1010 826 1090 lide,
854 1010 979 1073 eosdem
999 1011 1113 1073 amicos
1136 1010 1341 1092 inimicosque
1363 1011 1433 1074 habi-

402 1112 498 1178 turos,
518 1097 715 1180 jurejurando
735 1097 922 1160 adfirmatur.
964 1095 1107 1160 Ceterum
1123 1096 1314 1175 Hasdrubal,
1336 1119 1435 1160 memor

403 1197 520 1249 etcum
536 1183 680 1268 Scipione
701 1185 786 1247 initae
808 1185 871 1268 regi
897 1184 1063 1262 societatis,
1088 1195 1121 1246 et
1135 1205 1227 1266 quam
1241 1205 1324 1246 vana
1338 1195 1368 1247 et
1380 1205 1432 1246 mu

402 1273 511 1335 tabilia
524 1273 720 1335 barbarorum
735 1271 860 1354 ingenia
877 1282 990 1350 essent,
1005 1272 1126 1350 verinis,
1139 1292 1191 1350 ne,
1199 1272 1226 1334 si
1247 1270 1433 1354 trajiceretin

402 1359 540 1422 Africam
552 1356 667 1441 Scipio,
683 1379 807 1442 parvum
817 1358 971 1420 vinculum
990 1379 1033 1420 eoe
1051 1358 1166 1441 nuptia
1176 1369 1294 1436 esseest,
1314 1357 1384 1418 dum
1392 1378 1432 1418 ac·

404 1467 528 1508 censum
543 1447 658 1509 recenti
681 1465 785 1506 amore
805 1442 972 1506 Numidam
990 1445 1093 1524 habet,
1114 1444 1271 1528 perpellit,
1294 1445 1432 1506 blanditiis

290 1546 296 1560 '
328 1547 334 1560 '
404 1553 522 1616 quoque
533 1533 640 1616 puella
649 1532 807 1610 adhibitis,
826 1544 863 1594 ut
882 1531 1000 1613 legatos
1011 1533 1043 1594 in
1054 1529 1190 1595 Siciliam
1210 1532 1253 1594 ad
1274 1528 1430 1615 Scipionem

263 1615 307 1628 ”’
325 1682 331 1693 ,
403 1620 517 1698 mittat,
527 1641 580 1702 per
592 1639 668 1700 quos
678 1629 894 1697 moneateum,
909 1616 973 1680 ‘Ne
981 1619 1130 1701 prioribus
1141 1620 1202 1681 suis
1217 1619 1373 1701 promissis
1383 1619 1428 1679 irs

403 1709 477 1770 ‘tus
490 1707 522 1768 in
532 1699 826 1787 Africam'trajiciat
848 1703 889 1767 Se
909 1717 942 1768 et
958 1706 1073 1789 nuptiis
1087 1706 1160 1768 civis
1171 1704 1429 1788 Karthaginiensis,

281 1809 287 1816 ·
402 1795 414 1829 ‘
428 1793 496 1856 filia
508 1791 815 1874 Hasdrubalis,quem
826 1792 935 1854 viderit
943 1792 1025 1875 apud
1035 1814 1069 1854 se
1078 1794 1109 1854 in
1122 1793 1271 1876 hospitio,
1282 1803 1315 1854 et
1325 1792 1427 1876 publico

402 1881 521 1944 ‘etiam
531 1877 1260 1962 foederecumpopuloKarthaginiensijunctum.
1281 1879 1428 1962 ¹⁰0ptare·
1476 1912 1478 1933 ι

402 1967 414 2001 ‘
428 1967 570 2050 primurn,
580 1979 614 2029 ut
624 1967 729 2048 procul
738 1967 779 2028 ab
786 1965 902 2043 Africa,
912 1966 1099 2028 sicotadhuc
1110 1966 1252 2045 iecerint,
1260 1966 1366 2028 bellum
1375 1963 1427 2026 Ro·

402 2054 413 2088 ‘
428 2055 592 2117 monicum
608 2052 911 2136 Karthaginiensibus
921 2063 1041 2134 gerant,
1060 2073 1099 2114 ne
1115 2053 1173 2114 sibi
1190 2053 1334 2116 interesse
1343 2064 1427 2113 certa-

402 2142 413 2184 ⁶
428 2142 560 2204 minibus
579 2161 695 2219 eorum,
716 2161 860 2222 armaque
871 2151 926 2202 aut
935 2140 1011 2217 haec,
1026 2152 1080 2201 aut
1093 2139 1157 2216 illa,
1170 2141 1348 2202 abnuentem
1357 2138 1427 2199 alte·

402 2229 492 2291 ‘ram
508 2228 695 2306 societatem,
716 2227 799 2308 sequi
821 2247 945 2289 neccsse
964 2226 1015 2288 sit.
1045 2223 1078 2288 Si
1097 2247 1160 2288 non
1176 2227 1325 2290 abstineat
1334 2223 1426 2284 Africa

401 2316 413 2350 ‘
429 2314 545 2398 Scipio,
554 2328 586 2379 et
599 2313 782 2394 Karthagini
797 2314 964 2376 exercitum
979 2314 1152 2391 admoveat,
1167 2313 1227 2375 sibi
1244 2310 1426 2375 necessarium

401 2402 413 2436 ‘
428 2402 503 2480 fore,
519 2414 550 2463 et
560 2421 615 2484 pro
624 2412 706 2464 terra
713 2399 828 2480 Africa,
843 2400 875 2462 in
886 2421 947 2483 qua
958 2411 991 2462 et
1004 2401 1070 2483 ipse
1080 2401 1121 2463 sit
1131 2401 1266 2482 genitus,
1278 2411 1308 2462 et
1319 2419 1370 2482 pro
1379 2417 1424 2480 pa·

401 2488 413 2523 ‘
428 2488 487 2550 tria
501 2485 638 2570 conjugis
653 2509 723 2564 sure,
738 2507 853 2570 proque
867 2499 992 2570 parente
1006 2507 1043 2550 ac
1058 2488 1219 2570 penatibus
1233 2483 1387 2549 dimicare.¹

441 2571 560 2637 XXIV.
582 2573 660 2636 Cum
682 2574 729 2636 his
751 2574 904 2636 mandatis
926 2575 965 2637 ab
987 2595 1058 2658 rege
1086 2575 1179 2658 legati
1203 2574 1243 2637 ad
1265 2570 1424 2656 Scipionem

399 2661 494 2739 missi,
510 2658 666 2745 Syracusis
681 2682 750 2723 eum
766 2672 983 2723 convenemnt.
1005 2661 1122 2745 Scipio,
1136 2680 1310 2744 quamquam
1321 2678 1424 2739 magno

398 2759 557 2811 momento
582 2768 682 2809 rerum
708 2748 740 2809 in
763 2747 869 2811 Africa
893 2749 1094 2831 gerendarum
1116 2768 1282 2831 magnaque
1299 2766 1349 2828 spe
1360 2745 1424 2806 dee-

398 2836 510 2897 titutus
530 2844 606 2913 erat,
630 2834 740 2918 legatis
758 2856 897 2918 propere,
923 2836 1098 2919 priusquam
1119 2858 1166 2898 res
1185 2836 1361 2917 vulgaretur,
1379 2852 1421 2893 re·

398 2922 499 2985 missis
518 2923 550 2985 in
571 2920 718 3000 Africam,
734 2922 837 2985 literas
852 2922 906 2985 dat
920 2922 960 2983 ad
975 2944 1089 3005 regern,
1112 2923 1219 3007 quibus
1240 2922 1330 2985 etiarn
1342 2931 1420 2999 atque

399 3009 493 3071 etiam
509 3021 614 3071 monet
628 3030 708 3087 eum,
723 3007 789 3071 ‘Ne
803 3007 876 3091 jura
894 3010 1019 3093 hospitii
1033 3030 1149 3088 secum,
1168 3031 1230 3071 neu
1246 3029 1313 3071 cum
1322 3004 1420 3090 popolo

399 3096 409 3131 ‘
425 3094 568 3159 Romano
578 3096 672 3159 initiae
681 3096 848 3174 societatis,
861 3117 921 3159 neu
931 3096 988 3174 fas,
998 3096 1101 3175 fidem,
1111 3098 1245 3174 denua,
1257 3094 1336 3157 Deos
1344 3104 1420 3154 testes

235 3182 313 3233 ouem
321 3195 372 3231 nm
400 3183 410 3216 ‘
425 3195 517 3265 atque
529 3184 655 3245 arbitros
668 3176 896 3261 conventorum,
908 3181 1016 3246 fallat.’
1047 3181 1421 3265 ceremoniarumque

234 3248 368 3299 sedulodie·

234 3316 326 3363 simulat
339 3330 364 3362 a·

403 3270 493 3332 celari
510 3269 655 3333 adventus
666 3268 867 3333 Numidarum
882 3281 1015 3353 poterat,
1030 3268 1143 3353 (vagati
1157 3272 1240 3334 enim
1252 3270 1284 3331 in
1292 3268 1369 3343 urbe,
1378 3264 1421 3324 ob·

234 3381 281 3445 pua
290 3381 374 3431 milites
399 3357 569 3438 versatique
583 3357 723 3440 pretorio
739 3358 839 3437 erant)
857 3368 899 3435 et,
909 3357 936 3417 si
951 3357 1100 3436 sileretur,
1110 3358 1183 3439 quid
1195 3367 1331 3439 petentes
1339 3351 1419 3414 renis·

235 3446 319 3511 Scipio·

400 3456 479 3523 sent,
494 3444 661 3527 periculum
676 3456 756 3523 erat,-
775 3464 814 3506 ne
832 3464 905 3506 vera
927 3463 965 3505 eo
990 3443 1067 3527 ipso,
1090 3444 1173 3526 quod
1187 3444 1360 3518 celarentur,
1378 3456 1421 3498 sus

401 3542 511 3614 sponte
533 3531 632 3613 magis
656 3542 834 3594 emanarent
851 3533 877 3569 ¹¹
889 3530 1041 3612 timorque
1060 3531 1093 3592 in
1120 3530 1308 3594 exercitum‘
1324 3525 1418 3589 incide·

402 3630 449 3681 ret
457 3628 482 3697 Β,
503 3637 544 3679 ne
558 3617 647 3679 simul
669 3638 737 3679 cum
758 3637 830 3698 rege
851 3627 884 3679 et
902 3614 1206 3698 Karthaginiensibus
1228 3617 1309 3681 foret
1322 3612 1418 3676 bellan·

401 3705 486 3783 dum,
509 3704 618 3766 avertit
639 3724 745 3765 avaro
768 3702 851 3765 falsis
876 3704 1118 3786 praeoccupando
1136 3714 1256 3766 mentes
1275 3701 1418 3765 hominum·

400 3788 452 3870 Et,
467 3791 582 3855 vocatis
596 3790 637 3853 ad
650 3790 830 3853 concionem
841 3790 998 3869 militibus,
1013 3788 1101 3853 ‘Non
1116 3792 1197 3854 ultra
1212 3812 1278 3854 esse
1292 3798 1418 3851 emetu-

464 3922 669 3973 rrrmacm
788 3919 971 3973 ‘masaa
1088 3922 1369 3987 camorana.

431 4031 456 4067 ¹⁰
479 4031 562 4095 Optare
578 4028 686 4093 primord
712 4026 844 4079 Modestius
864 4028 908 4080 boe
938 4029 990 4079 Nor
1009 4030 1032 4078 id
1054 4045 1198 4095 concoqrsre
1215 4047 1263 4081 non
1278 4029 1420 4096 parium

399 4096 487 4145 dictum
513 4096 612 4157 maur,
636 4110 714 4159 quarn,
746 4108 772 4144 ut
796 4094 908 4144 haeream
938 4097 1051 4146 editorum
1061 4098 1183 4147 lectionem
1199 4111 1353 4147 morer-u.
1381 4090 1417 4139 sst·

400 4163 519 4223 edebatur,
531 4162 622 4209 honori.
654 4162 686 4210 Et
700 4176 746 4210 non
763 4162 830 4225 proci
847 4160 909 4218 libri,
938 4162 1000 4211 eninr
1024 4178 1076 4226 qua
1099 4164 1202 4226 exempla
1230 4164 1320 4215 ruenda
1344 4158 1418 4220 ιαὶβῑ

399 4222 462 4276 inter
477 4242 534 4291 quoa
551 4226 604 4276 Pur.
623 4227 646 4276 id
664 4227 750 4277 habent
762 4227 823 4291 qnod
834 4227 907 4277 edidi·
937 4227 1030 4277 lectiorri
1044 4228 1126 4291 alleget
1142 4228 1280 4287 Gronorisu,
1299 4225 1377 4289 Relig'v
1390 4221 1418 4267 θ’·

400 4304 460 4339 aa..
936 4295 1026 4342 vom
1045 4296 1139 4355 aseer,
1159 4307 1183 4344 a
1205 4294 1329 4343 rama
1345 4293 1418 4337 rm

431 4356 452 4391 ²¹
478 4354 592 4421 Ynnorqne
622 4360 647 4407 in
677 4362 796 4408 mrcittoa
822 4360 907 4408 incide·
937 4362 1018 4406 retia
1040 4358 1146 4408 limos
1166 4356 1416 4424 Parapaniniirss·

398 4418 445 4481 ret]
475 4420 557 4485 Seripti
578 4426 603 4471 io
624 4426 720 4473 cerritu
741 4426 860 4487 iaudent,
882 4436 908 4475 et
937 4424 1078 4473 modum
1096 4436 1201 4491 potemus
1220 4425 1313 4476 rethom
1328 4423 1417 4471 mr

400 4484 520 4535 admiserat
553 4488 576 4537 in
608 4502 741 4541 contextum
767 4490 907 4543 Gronovius.
937 4503 986 4540 non
996 4490 1102 4542 auden.
