3092 5200
17 527 23 568 Ι

16 703 21 742 Ι

16 796 20 833 Ι

16 971 18 1006 Ι

16 1055 20 1098 Ι

16 1147 20 1186 Ι

16 1235 21 1276 Ι

16 1325 21 1364 Ι

16 1413 21 1450 Ι

16 1499 19 1534 Ι

434 389 511 450 mu.
531 387 647 450 XXIX.
677 391 759 451 CAP.
778 389 953 453 xxxvm.
992 389 995 393 ’
1147 395 1205 450 ⁸41

162 565 287 609 nomen.
333 541 457 608 Deinde
482 540 530 606 M.
559 540 717 606 Liuineio
743 544 880 606 arariam
905 545 999 622 venit,
1028 556 1071 626 ct,
1099 555 1358 628 praecernens.

161 631 304 696 Maciam
319 632 442 709 tribum,
466 651 532 713 qua
553 651 586 693 se
610 649 667 692 nec
684 629 929 709 condemnasset,
946 651 1045 712 neque
1058 631 1206 694 condem·
1218 633 1251 683 A.
1261 630 1362 688 ΜΝ·

158 729 268 782 nanum
282 731 338 782 aut
350 717 507 781 consulem
523 728 576 778 aut
590 735 745 778 censorem
760 715 892 794 fecisset,
918 717 1066 799 populum
1090 717 1206 781 Roma·

161 825 235 867 num
264 825 398 884 omnem,
424 813 554 885 quatuor
580 813 612 865 et
635 801 761 884 triginta
784 803 891 882 tribus,
917 803 1035 865 ararios
1061 804 1205 889 reliquit:

161 891 246 974 quod
275 903 308 954 et
336 892 530 955 innocentem
559 909 592 951 se
621 889 886 967 condemnassent,
910 900 943 952 et
967 891 1205 955 condemnatum

161 979 317 1041 consulem
331 988 364 1040 et
388 996 543 1038 censorem
557 975 717 1038 fecissent:
745 995 844 1056 neque
859 975 986 1038 inficiari
1000 989 1137 1060 possent,
1152 990 1206 1040 aot

157 1062 275 1148 judicio
297 1064 402 1140 semel,
424 1073 477 1125 aut
499 1061 633 1125 comitiis
656 1061 702 1123 bis
722 1062 762 1124 ab
777 1081 811 1122 se
825 1073 986 1144 peccatum
999 1084 1078 1126 esse.
1120 1061 1206 1126 Inter

161 1163 291 1233 quatuor
305 1162 337 1213 et
350 1149 477 1232 triginta
490 1148 586 1211 tribus
601 1160 633 1210 et
648 1145 685 1210 C.
700 1145 863 1209 Claudium
878 1149 1016 1211 ararium
1026 1149 1103 1213 t‘ore.
1122 1151 1207 1232 quod
1345 1179 1354 1204 x

160 1238 188 1299 si
210 1237 383 1318 exemplum
408 1236 535 1298 haberet
554 1234 601 1296 bis
624 1233 765 1296 eumdem
791 1235 927 1296 cerarium
949 1235 1149 1317 relinquendi,
1168 1235 1208 1301 C.

161 1321 323 1386 Claudium
356 1321 536 1384 nominatim
569 1341 602 1383 se
638 1321 718 1382 iuter
748 1321 869 1383 ararios
899 1320 992 1384 luisw
1020 1323 1208 1386 relictumm.

160 1408 328 1472 ”Pronum
351 1419 507 1470 ccnsmen
529 1417 668 1470 notarum
693 1407 775 1468 inter
794 1427 954 1471 censores:
977 1408 1138 1491 castigatio
1156 1410 1205 1472 in·

158 1496 340 1558 constantie
364 1495 468 1577 populi
491 1494 639 1572 censoria,
662 1503 695 1556 et
715 1494 864 1575 gravitate
887 1508 1059 1576 temporum
1084 1495 1205 1560 illorum

161 1583 267 1664 digna.
313 1579 348 1644 ln
369 1580 484 1642 invidia
508 1600 647 1644 censores
671 1599 765 1662 quum
785 1591 898 1660 essent,
920 1581 1075 1645 crescendi
1101 1602 1141 1644 ex
1156 1583 1205 1644 his

162 1679 245 1730 ratus
270 1686 336 1730 esse
359 1667 552 1730 occasionem
576 1665 634 1730 Cn.
656 1663 776 1729 Baebius
795 1667 933 1730 tribunus
953 1667 1050 1750 plebis
1065 1667 1146 1730 diem
1162 1668 1205 1730 ad

161 1753 308 1837 populum
321 1754 439 1836 utrique
452 1754 543 1816 dixit.
579 1751 626 1816 Ea
639 1773 686 1815 res
702 1773 851 1816 consensu
865 1751 989 1816 Patrum
1000 1753 1135 1816 discussa
1145 1765 1205 1833 est,

161 1839 653 1990 nellMXteVlll'mll‘ddebnpogdldld
663 1851 1061 1989 armecrppapipflraffitefia
1082 1947 1103 1988 a
1127 1947 1187 1990 con

160 2013 228 2076 sule
241 2014 270 2075 vi
285 2025 386 2097 capta,
402 2010 568 2075 Consentia
586 2023 619 2076 et
638 2011 800 2092 Pandosia,
819 2024 854 2075 et
872 1947 1021 2094 ignobiles
1043 2012 1108 2075 alia
1130 2013 1206 2074 ciri-
1266 2007 1270 2016 “

160 2109 253 2178 ιιιεε,
278 2100 433 2162 voluntate
456 2097 657 2162 inditionem
678 2109 834 2162 renemnt.
875 2097 928 2177 Et,
951 2118 1044 2181 quum
1064 2099 1207 2161 comitio·

161 2205 230 2248 rum
249 2185 316 2268 jam
345 2185 504 2269 adpeteret
525 2195 657 2268 tempus,
678 2183 853 2248 Cornelium
878 2185 981 2269 potius
1005 2205 1046 2247 ex
1072 2183 1329 2264 acarnanas.

160 2273 215 2336 ubi
230 2273 306 2336 nihil
320 2273 392 2336 belli
406 2283 484 2350 crat,
501 2270 631 2336 Romam
646 2271 741 2333 adciri
762 2271 888 2355 placuit.
930 2269 962 2333 ls
984 2271 1123 2334 consules
1145 2268 1207 2335 Cn.

160 2355 323 2421 Servilium
339 2357 512 2441 cepionem
527 2370 560 2422 et
574 2356 790 2421 C.·Servilium
804 2355 968 2420 Geminum
983 2359 1109 2421 creavit.
1152 2355 1207 2420 ln·

160 2445 202 2507 de
225 2447 367 2529 pretoria
392 2441 519 2508 comitia
543 2445 659 2508 habita.
683 2443 778 2508 creati
801 2442 853 2506 P.'
872 2441 1033 2506 Cornelius
1047 2441 1207 2523 leundas,

162 2529 198 2594 P.
223 2531 405 2605 Quinctilius
434 2527 542 2610 Varus,
571 2530 605 2595 P.
626 2529 727 2594 AElius
753 2529 863 2610 Pctus,
887 2529 922 2593 P.
946 2528 1055 2592 Villius
1077 2528 1206 2615 Tappu-

162 2619 219 2682 lus.
262 2618 306 2681 Hi
327 2619 398 2697 duo,
426 2638 518 2701 quum
544 2618 646 2681 aediles
672 2618 770 2699 plebis
799 2628 912 2695 essem,
941 2629 1084 2701 pretores
1108 2619 1203 2682 creati

161 2716 245 2769 sunt.
287 2704 413 2785 Causam
442 2704 575 2767 comitiis
603 2704 757 2789 perfectis,
785 2704 825 2767 ad
855 2704 1022 2767 exercitum
1051 2704 1084 2767 in
1112 2702 1206 2767 Enu-

143 2792 238 2859 .riam
262 2792 361 2855 rediit.
405 2789 586 2853 Sacerdotes
607 2812 647 2854 eo
668 2810 749 2853 aaron
771 2790 895 2868 mortui,
924 2802 1016 2872 atque
1042 2790 1075 2852 in
1104 2790 1207 2855 locum

160 2896 269 2939 eorum
292 2876 421 2939 subiecti
432 2898 442 2953 ς
465 2876 515 2938 li.
529 2874 671 2940 Veturius
686 2875 774 2939 Philo
789 2874 897 2938 damen
918 2874 1082 2954 Martialis,
1105 2876 1137 2938 iu
1158 2876 1206 2939 lo·

161 2983 233 3025 cum
249 2960 297 3026 M.
311 2960 432 3024 AEmilii
447 2960 571 3044 Regilli,
585 2962 637 3044 qui
652 2961 752 3043 priore
766 2982 848 3025 anno
862 2973 1002 3023 mortuus
1022 2973 1100 3041 erat,
1118 2982 1206 3025 crea·

162 3060 215 3111 tus
239 3049 514 3130 inauguratusque:
541 3060 575 3110 et
597 3048 629 3109 in
650 3044 697 3110 M.
717 3044 877 3131 Pomponii
902 3043 1063 3111 Mathonis
1084 3048 1354 3130 angarios-esses·

160 3147 197 3197 et
211 3134 372 3197 decemviri
396 3135 496 3197 locum
520 3134 626 3213 creati,
646 3133 798 3197 decemvir
811 3132 860 3196 M.
874 3132 1015 3197 Aurelius
1030 3131 1135 3213 Cotta,
1150 3155 1204 3197 au·
1217 3132 1340 3207 wlf*

161 3240 221 3302 gur
242 3219 294 3285 Ti.
319 3218 514 3304 Sempronius
539 3216 693 3283 Gracchus
720 3219 886 3283 admodum
909 3218 1098 3299 adolescens,
1122 3194 1326 3303 quod'm'

163 3318 237 3371 tunc
251 3328 405 3391 perrarum
420 3307 451 3369 in
466 3307 648 3371 mandandis
662 3306 840 3369 sacerdotiis
855 3317 932 3369 erat.
974 3306 1136 3389 Quadrigas
1150 3328 1207 3371 au·

161 3414 222 3457 rese
245 3414 283 3457 cn
306 3416 387 3457 anno
411 3393 443 3457 in
467 3390 621 3475 Capitolio
645 3394 749 3478 posita
772 3394 812 3455 ab
834 3392 970 3457 edilibus
991 3393 1154 3473 curulibus,
1168 3392 1208 3458 C.

163 3477 250 3543 livio
264 3492 298 3543 et
310 3478 357 3542 M.
372 3478 499 3543 Servilio
513 3478 654 3543 Gemino.
697 3476 739 3543 llt
761 3477 825 3541 ludi
849 3477 981 3541 Romani
1006 3479 1131 3543 biduom
1156 3480 1206 3541 in·

162 3568 301 3629 staurati.
344 3565 431 3630 Idem
446 3586 502 3649 per
515 3566 639 3629 biduum
658 3566 770 3649 plebeii
792 3566 832 3628 ad
852 3566 988 3629 :edilibus
1010 3564 1044 3629 P.
1058 3560 1156 3645 AElio,
1169 3564 1207 3632 Ρ.

162 3648 274 3716 Villio:
291 3664 323 3715 et
335 3651 422 3716 loris
437 3652 560 3737 epulum
574 3652 632 3717 luit
646 3652 787 3717 ludorum
799 3672 920 3719 mussa

566 3792 578 3823 τ
588 3786 630 3838 cs.
639 3786 716 3837 Grac.
726 3784 799 3839 cm.

193 3902 217 3937 Ν
230 3900 246 3929 ·
259 3900 357 3950 Pronum
376 3912 483 3952 certum
504 3910 607 3951 natm
630 3904 669 3951 ia·
698 3898 1020 4001 populicensorcndecebst.

160 3965 312 4031 summ]
328 3966 426 4015 harum
437 3968 515 4017 haberi
532 3967 601 4017 debet
617 3982 668 4016 cer·
754 3966 771 3996 ⁸
783 3964 890 4029 Populus-t
908 3962 982 4032 aare]
1009 3963 1107 4015 lavana
1125 3964 1206 4017 molti·

159 4041 240 4079 acmen
258 4030 312 4080 illud
327 4046 449 4082 censorum
465 4046 515 4083 sess
532 4044 667 4081 amnone·
699 4032 794 4089 tudinis,
814 4048 866 4095 quc
887 4046 935 4084 nou
957 4031 1033 4082 mua
1059 4030 1150 4083 aaut
1168 4043 1206 4083 est

160 4094 272 4147 tantiam.
307 4097 341 4149 At
365 4098 481 4163 mtigstio
512 4098 668 4155 neormam
700 4112 841 4167 quamtum.
1116 4130 1120 4137 ·
