3092 5200
179 527 327 604 onan.

180 621 214 669 Α.
222 616 253 667 0.
263 616 320 667 2⁰7.

343 394 408 455 aa
670 413 675 423 ι
755 355 841 453 nn
860 392 961 455 nnn
999 356 1005 363 ’
1090 358 1097 367 ’

348 549 443 613 colles
466 548 593 627 clamor,
616 548 656 610 ab
681 562 770 631 tergo
796 551 928 627 auditus,
952 558 1081 627 metum,
1106 570 1145 610 ne
1170 546 1405 609 includerentur

350 658 371 699 a
390 635 510 714 castris,
531 634 696 717 injecisset.
739 635 817 697 lndc
841 657 934 717 pavor
960 634 1108 713 incussus,
1130 645 1164 695 et
1185 634 1257 715 luga
1282 633 1402 715 passim

350 723 414 785 fieri
430 731 533 803 coepta
545 733 605 784 est.
626 722 786 803 minorque
801 722 898 785 caedcs
914 720 983 800 fuit,
1009 722 1082 803 quia
1102 720 1312 803 propinquitas
1326 740 1402 780 cas-

350 821 467 872 trorum
491 806 660 869 breviorem
688 806 792 888 frigam
822 808 967 891 perculsis
990 806 1074 870 fecit.
1122 808 1149 845 ¹⁰
1161 804 1288 887 Equites
1313 806 1402 866 enim

351 908 440 975 tergo
464 894 691 955 inhaerebant⁸:
720 894 752 954 in
775 906 945 955 transversa
968 893 1065 955 latera
1089 894 1262 955 invaserant
1285 891 1402 953 cohor-

351 993 411 1059 tes,
425 982 450 1018 ¹¹
462 979 602 1041 secundis
617 978 744 1041 collibus
758 980 809 1041 via
821 980 906 1041 nuda
918 1001 954 1041 ac
970 978 1051 1041 facili
1066 979 1270 1041 decurrentes.
1290 988 1403 1039 tamen

351 1084 444 1149 supra
469 1078 541 1127 octo
564 1064 662 1127 millia
689 1066 849 1127 hominum
872 1066 994 1127 occisa:
1029 1068 1160 1148 ”supra
1185 1063 1402 1145 septingentos

351 1152 455 1235 capti:
478 1152 566 1233 signa
580 1150 725 1213 militaria
732 1172 845 1213 novem
861 1151 1004 1213 ademta:
1028 1150 1184 1232 elephanti
1198 1152 1302 1227 ctiam,
1317 1169 1402 1231 quo-

352 1259 421 1299 nrm
442 1235 542 1299 nullus
559 1258 636 1315 ¹nsus
658 1236 689 1297 in
713 1238 875 1319 repentina
898 1258 934 1299 ac
958 1236 1154 1299 tumultuaria
1168 1242 1271 1319 pugna
1285 1236 1403 1315 fuerat,

352 1336 484 1405 quattuor
504 1323 610 1401 occisi,
632 1322 693 1384 dno
704 1324 800 1405 capti.
844 1324 871 1361 ²⁸
884 1320 975 1384 Circa
989 1322 1171 1405 quingentos
1186 1320 1401 1385 Romanorum

352 1409 563 1490 sociorumque
587 1408 716 1471 victores
740 1408 925 1471 ceciderunt
951 1421 1074 1491 postero
1097 1408 1147 1470 die
1173 1404 1282 1469 Poenus
1308 1409 1400 1489 quie-

350 1496 406 1559 vit.
450 1492 620 1573 Romamn,
643 1494 675 1556 in
692 1494 790 1556 aciem
806 1494 903 1578 copiis
919 1495 1046 1572 eductis,
1066 1506 1229 1578 postquam
1241 1496 1399 1557 neminem

352 1582 441 1664 signa
461 1592 569 1643 contra
588 1580 694 1643 efferre
713 1582 801 1659 vidit,
824 1580 924 1664 spolia
943 1582 1003 1663 legi
1028 1602 1172 1642 caesorum
1195 1581 1339 1659 hostiurn,
1361 1592 1401 1642 et

352 1688 476 1730 suorum
498 1686 628 1749 corpora
650 1667 773 1728 conlata
799 1667 830 1728 in
855 1688 949 1729 unum
972 1667 1091 1749 sepeliri
1109 1664 1213 1749 jussit.
1229 1666 1299 1729 inde
1314 1668 1399 1727 inse·

352 1754 515 1837 quentibus
535 1753 686 1814 continuis
701 1752 808 1815 diebus
824 1752 939 1836 aliquot
960 1754 1004 1813 ita
1019 1753 1136 1836 institit
1149 1752 1255 1835 portis,
1275 1765 1310 1813 ut
1324 1774 1397 1835 pro-

352 1860 392 1922 pe
418 1838 528 1901 inferre
553 1838 642 1919 signa
666 1838 837 1900 videretur:
862 1839 959 1900 donec
987 1836 1144 1903 Hannibal
1170 1838 1260 1901 tertia
1280 1838 1399 1921 vigilia,

353 1925 467 1989 crebris
492 1922 612 2005 ignibus
635 1925 907 2007 tabernaculisque,
932 1928 959 1964 ’⁴
973 1946 1038 2007 quae
1063 1946 1134 2008 pars
1165 1936 1332 1987 castrorum
1355 1924 1400 1987 ad

353 2011 459 2074 hostes
473 2010 630 2092 vergebat,
653 2021 686 2072 et
706 2007 850 2072 Numidis
872 2010 988 2093 pauciS,
1010 2011 1061 2094 qui
1086 2010 1117 2072 in
1138 2007 1216 2073 vallo
1236 2010 1399 2093 portisque

354 2118 387 2158 se
407 2096 613 2175 ostenderent,
638 2096 761 2174 relictis,
787 2096 941 2181 profectus
959 2096 1104 2180 Apuliam
1130 2108 1229 2181 petere
1249 2094 1395 2158 intendit.

353 2178 418 2245 Ubi
442 2182 562 2258 inluxit,
583 2183 729 2245 successit
753 2184 833 2244 vallo
856 2182 999 2245 Romana
1025 2184 1118 2246 acies.
1143 2195 1172 2245 et
1196 2178 1334 2243 Numidae
1348 2199 1393 2243 ex

353 2268 525 2350 composito
539 2268 702 2351 paullisper
717 2268 750 2329 in
763 2268 859 2351 portis
883 2291 915 2331 se
929 2270 1070 2351 valloque
1083 2280 1288 2331 ostentavere:
1310 2267 1394 2329 irus-

353 2355 485 2437 tratique
498 2353 685 2435 aliquamdiu
699 2354 814 2431 hostes,
840 2354 942 2416 citatis
966 2356 1050 2436 equis
1073 2376 1183 2437 agmen
1199 2374 1321 2416 suorum
1336 2354 1395 2416 ad-

353 2450 529 2522 sequuntur.
571 2438 696 2519 Consul,
721 2441 772 2501 ubi
799 2440 952 2503 silentium
976 2442 1147 2519 incastris,
1170 2454 1396 2525 etnepaucos

352 2526 487 2610 quidem,
512 2527 564 2609 qui
590 2526 690 2609 prima
714 2525 782 2587 luce
807 2526 1085 2606 obambulaverant,
1111 2540 1197 2611 parte
1212 2526 1274 2589 ulla
1287 2548 1395 2590 cerne·

353 2613 419 2692 bat,
440 2613 557 2674 duobus
571 2613 721 2694 equitibus
739 2613 928 2696 speculatum
952 2615 984 2676 in
1005 2625 1105 2676 castra
1118 2615 1290 2697 praemissis,
1309 2624 1394 2698 post-

354 2717 447 2780 quam
472 2697 544 2760 satis
570 2709 637 2760 tuta
662 2699 766 2761 omnia
793 2717 858 2762 esse
883 2699 1075 2782 exploratum
1101 2712 1157 2762 est
1183 2699 1286 2762 inferri
1308 2701 1397 2782 signa

349 2783 451 2867 jussit
473 2795 653 2866 tantumque
668 2784 710 2847 ibi
732 2797 879 2864 moratus,
904 2787 976 2848 dum
993 2785 1105 2849 milites
1129 2785 1315 2869 adpraedam
1331 2785 1394 2848 dis·

355 2881 489 2948 canunt,
516 2871 652 2954 receptui
673 2870 785 2933 deinde
805 2871 926 2951 cecinit,
940 2873 1097 2954 multoque
1115 2884 1187 2936 ante
1202 2885 1326 2936 noctem
1340 2893 1395 2936 co·

354 2957 421 3040 pias
436 2957 566 3019 reduxit.
606 2953 734 3019 Postero
756 2955 805 3019 die
828 2959 927 3041 prima
941 2959 1008 3020 lnce
1022 2959 1186 3041 profectus,
1208 2960 1327 3042 magnis
1341 2958 1395 3020 iti·

355 3043 476 3105 neribus
501 3043 615 3104 famam
641 3053 674 3105 et
699 3043 829 3125 vestigia
854 3045 984 3124 agminis
1010 3065 1148 3127 sequens,
1178 3045 1260 3107 hand
1274 3043 1395 3128 *procul

354 3119 490 3190 Venusia
502 3129 623 3192 hostem
644 3129 827 3212 adsequitur.
871 3129 916 3192 lbi
938 3147 1057 3213 «quoque
1075 3129 1272 3194 tumultuaria
1293 3151 1398 3214 pugna

355 3211 424 3279 luit.
452 3232 545 3298 supra
574 3213 635 3277 duo
669 3214 765 3277 millia
800 3209 962 3279 Poenomm
992 3237 1079 3279 casa.
1136 3213 1212 3279 lnde
1239 3218 1397 3280 nocturnis

354 3302 569 3382 montanisque
596 3296 752 3364 itineribus
782 3297 903 3381 Poenus,
928 3323 968 3364 ne
993 3303 1094 3366 locum
1117 3301 1273 3386 pugnandi
1299 3303 1399 3384 daret,

354 3375 573 3467 Metapontum
592 3388 692 3468 petiit.
736 3383 849 3450 Hanno
865 3389 935 3450 inde
953 3387 991 3468 (is
1006 3390 1087 3451 enim
1102 3388 1242 3472 prasidio
1256 3386 1320 3472 ejus
1335 3389 1397 3452 locl

352 3469 526 3551 praefuerat)
554 3473 590 3532 in
619 3470 755 3533 Bruttios
784 3491 854 3535 eum
884 3476 988 3558 paucis
1021 3476 1061 3537 ad
1090 3475 1257 3538 exercitum
1285 3492 1399 3540 novum

673 3645 686 3674 ⁸
695 3642 788 3708 lango
797 3643 905 3694 acroam
915 3643 989 3698 Gran.
998 3649 1071 3698 orer.

338 3740 865 3842 'ammovere-tem
895 3783 1085 3845 murm
1115 3785 1196 3850 rnen
1231 3787 1263 3834 οι
1293 3787 1402 3852 sunu

354 3837 860 3917 Wlfflrrlsensmomuem
894 3850 1403 3903 “mmfflnitmhm

354 3901 863 4038 πῗηᾞῗέἒκ
893 3925 957 4024 {²⁸²
988 3913 1112 3964 Vll-¹¹⁰¹·
1130 3915 1249 3966 Wadi.
1267 3927 1401 3968 utrina

355 4035 466 4084 w
926 4010 1401 4110 bammmpm,

383 4065 688 4176 υέιιξᾷιιαω]
716 4099 864 4180 νημαι
893 4105 1401 4172 mmmmm-nvm-

354 4164 863 4227 &summittimus-
894 4173 1252 4222 monitumnonitum
1282 4173 1403 4223 onasu-

354 4228 412 4290 ut,
423 4240 572 4291 cutm,
588 4231 862 4282 mmbirsm·
893 4233 995 4297 peditius
1011 4235 1087 4286 multo
1102 4237 1236 4300 hamne:
1251 4233 1403 4289 lim

354 4301 407 4341 tn·
893 4300 1275 4365 uciommquadaceruicecidmat.

353 4356 409 4436 ,Β
437 4354 515 4419 ειμι
542 4359 687 4435 W
710 4357 781 4436 apes]
806 4359 861 4412 Pet.
925 4361 947 4397 ’¹
967 4364 1406 4435 cumulatissimum

353 4433 542 4537 'mi‘
651 4425 863 4544 siclinii}
891 4439 954 4490 Μ
