3092 5200
470 367 549 428 LlB.
562 365 664 426 XXX.
684 365 766 428 cal’.
781 365 868 426 XIX.
1128 373 1186 428 563

23 539 27 578 ι
134 520 199 584 tius
213 519 370 598 tenuisset,
396 519 427 580 ni
446 539 486 580 ex
509 517 649 580 subsidiis
665 519 876 582 tertiadecima
890 517 918 580 le
940 519 982 596 ὀ,
1000 519 1032 582 ἰιι
1052 520 1185 602 primurn
1198 523 1335 598 nem,

133 607 236 670 aciem
251 605 387 684 inducto,
402 608 429 652 ⁷⁰
439 603 579 687 proelium
595 598 720 666 dubium
736 605 906 688 excepisset
930 650 939 669 .
959 607 984 649 ⁷¹
996 601 1181 688 Magriquo.
1194 609 1226 658 Α.
1236 607 1265 662 c.
1277 604 1332 661 uos.

23 717 24 742 ι
135 701 218 772 que‘
243 713 285 756 ex
306 691 445 754 subsidiis
470 685 575 752 Gallos
602 689 726 770 integrae
751 689 863 770 legioni
890 689 1060 772 obposuit‘.
1096 689 1182 764 'Qui-

23 805 24 816 ¹
134 777 193 840 bus
207 777 290 840 haud
305 799 418 860 magno
433 774 599 838 certamine
623 771 707 852 fusis,
729 773 854 864 hastati*
866 773 1003 858 legionis
1013 775 1181 842 undecimae

134 861 324 946 conglobant
345 884 422 940 sese,
447 871 538 960 atque
560 859 739 942 elephantos
768 858 892 942 ²’jam‘
921 859 1058 944 peditum
1080 865 1180 928 aciem

136 949 296 1012 turbantes
321 945 476 1011 invadunt.
504 967 535 1008 m
556 967 631 1026 quos
646 966 739 1026 quum
766 945 831 1028 prla
849 945 1003 1008 confertos
1029 947 1180 1033 conjecis-

23 1093 24 1096 ,
135 1045 218 1114 sent,
239 1035 322 1098 nullo
338 1034 432 1096 ferme
445 1033 559 1096 fnrstra
573 1032 697 1108 emisso,
712 1051 819 1094 omnes
834 1043 916 1092 retro
940 1033 972 1094 in
994 1034 1093 1096 aciem
1108 1055 1180 1096 suo-

23 1175 24 1184 ,
133 1141 202 1182 ιιιιιι
232 1131 423 1184 averterunt:
459 1129 591 1199 quatuor
625 1117 743 1196 gravati
780 1115 954 1181 uulneribus
988 1132 1184 1199 conruerunt,

133 1201 217 1268 Τιιιιι
236 1205 336 1290 prima
358 1215 514 1268 commota
528 1203 662 1266 hostium
685 1203 777 1282 acies,
802 1201 891 1264 simul
913 1204 1053 1277 omnibus
1066 1203 1180 1288 pediti-

133 1289 262 1372 bus,'ut
285 1312 406 1356 aversos
432 1288 534 1354 videre
559 1288 750 1372 elephantos,
775 1287 1013 1369 adaugendum
1037 1310 1180 1372 pavorem

133 1397 173 1442 ao
199 1377 363 1441 tumultum
390 1373 502 1438 effusis
530 1373 595 1454 sed,
625 1375 722 1436 donec
752 1373 840 1436 stetit
865 1386 938 1436 ante
962 1375 1050 1456 signa
1071 1373 1180 1458 Mago,

134 1459 267 1545 gradum
291 1461 405 1526 sensim
432 1459 595 1524 relerentes
625 1459 757 1538 ordines,
781 1470 918 1523 tenorem
942 1459 1052 1544 pugrue
1080 1463 1182 1524 servass

134 1549 233 1627 banr3
263 1559 426 1632 postquam
451 1546 564 1608 semine
588 1545 734 1610 transfixo
754 1543 927 1624 cadentem,
947 1545 1117 1630 auferrique
1143 1563 1299 1612 exuturum

136 1633 245 1718 proelio
268 1655 362 1718 prope
387 1653 573 1716 exsanguem
597 1631 711 1710 videre,
737 1631 891 1714 extemplo
921 1633 952 1695 in
980 1631 1083 1714 sugam
1113 1629 1180 1696 om‘
1194 1627 1300 1678 ¹³⁰¹⁰¹¹¹¹⁴

136 1740 191 1782 nes
206 1719 293 1782 versi.
318 1718 359 1782 ad
378 1719 511 1802 quinque
531 1717 627 1780 millia
641 1718 776 1780 bostium
799 1739 837 1778 eo
864 1717 914 1780 die
929 1738 1015 1796 caeso,
1039 1731 1072 1781 et
1095 1720 1183 1801 signa

138 1805 284 1870 militaria
300 1805 360 1867 duo
382 1817 414 1867 et
433 1803 540 1888 viginti
559 1816 660 1888 capta.
703 1799 769 1864 Nec
785 1801 934 1864 Romanis
949 1804 1107 1868 incruenta
1119 1805 1182 1866 vic·
1295 1875 1298 1880 ⁸

138 1891 218 1954 toria
240 1891 317 1955 fuit:
341 1891 402 1954 duo
417 1889 514 1954 millia
533 1901 565 1951 et
586 1889 714 1952 trecenti
741 1889 780 1950 de
800 1890 935 1951 exercitu
951 1889 1098 1974 praetoris,
1113 1911 1183 1973 para

139 1977 237 2042 multo
251 1978 385 2040 maxima
404 1997 444 2040 ex
458 1976 579 2058 legione
593 1973 787 2051 duodecima,
808 1975 920 2036 amissi.
934 1974 1007 2036 inde
1023 1989 1055 2036 et
1070 1975 1184 2042 triburi

138 2062 270 2128 rnilitum
286 2063 359 2141 duo,
387 2059 434 2124 M.
446 2057 625 2138 Cosconius,
649 2073 682 2123 et
704 2057 751 2121 M.
767 2057 916 2122 Manita:
940 2061 1038 2123 tertie
1061 2058 1186 2156 decimsp

139 2162 260 2232 quoque
284 2147 425 2232 legionis,
448 2169 515 2232 que
537 2159 693 2230 postremo
723 2145 833 2228 proelio
857 2145 1009 2223 adnuerat,
1034 2142 1185 2210 Cn.'Hel·

137 2235 203 2296 vius
218 2224 356 2298 tribunus
380 2233 513 2297 militum
529 2235 561 2296 in
588 2231 777 2296 restituenda
802 2252 906 2314 pugna
927 2230 1050 2310 cecidit,
1076 2246 1109 2296 et
1123 2227 1185 2294 duo

132 2332 171 2383 ¹et
184 2321 290 2402 uiginti
307 2319 400 2383 ferme
415 2319 534 2401 equites
549 2319 703 2396 inlustres,
718 2317 825 2380 obtriti
849 2319 888 2381 ab
909 2319 1092 2401 elephantis,
1114 2337 1185 2380 curn

139 2405 369 2470 centurionibus
384 2405 501 2488 aliquot
515 2403 692 2488 perierunt:
716 2415 748 2465 et
762 2403 882 2485 longius
897 2415 1052 2466 certamen
1068 2403 1186 2482 fuisset,

138 2493 170 2556 ni
186 2491 307 2555 vulnere
324 2490 409 2554 ducis
421 2487 566 2554 concessa
579 2490 708 2552 victoria
721 2499 810 2551 esset

178 2573 267 2643 XlX.
289 2575 398 2661 Mago,
408 2590 413 2602 “
424 2574 571 2663 proxime
593 2574 694 2639 noctis
709 2573 832 2659 silentio
846 2572 1012 2658 profectus,
1036 2586 1184 2658 quantum
1197 2594 1325 2661 ”⁸⁰5⁸-

136 2665 202 2749 pati
227 2664 281 2729 viae
303 2686 356 2749 per
379 2662 486 2726 vulnus
509 2673 641 2745 poterat,
663 2662 689 2706 ⁷³
701 2661 861 2723 itineribus
879 2662 1012 2724 extentis
1045 2662 1085 2725 ad
1101 2663 1347 2741 maremiabffi·

136 2750 168 2813 in
183 2748 310 2833 ligures
325 2748 480 2829 Ingaunos
495 2748 642 2831 pervenit.
667 2745 709 2808 ibi
732 2766 803 2809 eum
815 2745 910 2827 legati
927 2748 965 2809 ab
981 2709 1185 2829 Karthagine,
1196 2728 1339 2778 “mm

137 2836 242 2919 paucis
258 2848 330 2899 ante
347 2834 452 2897 diebus
468 2834 499 2896 in
516 2834 615 2893 sinum
630 2827 783 2893 Gallicum
799 2830 933 2911 adpulsis
948 2833 1083 2909 navibus,
1099 2832 1184 2895 adie-

138 2934 218 2999 runt,
229 2920 385 3006 jubentes,
404 2919 505 3001 primo
520 2936 640 3063 ‹plioque
664 2926 802 2997 tempore
828 2915 859 2974 iu
884 2913 1019 2977 Africam
1035 2915 1185 2996 trajicere.

138 3006 246 3069 ‘idem
262 3018 294 3069 et
309 3006 432 3067 fratrem
448 3001 514 3083 ejus
563 2999 737 3063 annibalem
755 2998 841 3078 (nam
857 2998 897 3061 ad
912 3020 981 3061 euru
993 3021 1054 3081 quo
1075 3022 1113 3062 ue
1125 3002 1185 3065 isse

138 3094 149 3127 ⁴
164 3091 282 3175 legatos
296 3090 403 3153 eadem
415 3087 570 3171 jubentes)
590 3087 751 3149 facturum.
784 3082 856 3147 Non
870 3086 900 3145 in
916 3107 953 3147 eo
968 3022 1185 3150 essellartlra·

139 3180 151 3213 ‘
189 3178 349 3241 'iriensium
365 3198 422 3253 res,
444 3186 478 3237 ut
492 3170 625 3237 Galliam
641 3182 732 3255 atque
748 3168 870 3234 ltaliam
893 3173 984 3233 armis
1002 3171 1185 3239 obtineant?

177 3284 247 3345 ago,
272 3284 333 3325 non
357 3260 485 3345 irnperio
512 3258 605 3322 modo
630 3267 751 3319 senatus
775 3256 969 3341 periculoque
991 3260 1097 3341 patriae
1117 3280 1186 3322 mo-

139 3362 198 3431 tus,
225 3352 280 3415 sed
306 3360 446 3411 metuens
476 3346 580 3422 etiam,
612 3365 650 3405 ne
679 3344 776 3404 victor
804 3344 901 3406 hostis
930 3344 1063 3408 moranti
1089 3347 1185 3408 insta·

170 3494 399 3560 ammom.
529 3468 829 3560 cmmemores.
959 3491 1186 3555 ‘waiam

137 3559 449 3625 tjneusnormmm.
662 3600 664 3605 .

170 3694 194 3731 ⁷⁰
211 3692 319 3742 Pauus
337 3694 428 3741 dubious
444 3688 564 3754 ααμιιιι]
583 3690 645 3740 Gro-
679 3725 764 3741 .....
776 3692 910 3752 minet.
932 3690 1052 3738 Absurder
1069 3692 1185 3740 nonenim

139 3760 220 3808 novius
230 3758 301 3807 edidit
310 3756 646 3821 erpetiuetmboeeutuuucto·
678 3756 723 3805 hoc
737 3757 760 3803 in
778 3770 849 3804 cauus
862 3756 915 3813 luit.
928 3770 970 3803 cur
982 3756 1115 3805 tumeam
1126 3757 1187 3821 legio

138 3825 202 3872 rituti
222 3822 374 3889 complurium
396 3819 469 3871 nst.
511 3820 586 3870 Nobis
606 3838 647 3886 pro
678 3830 770 3870 teneret
781 3821 867 3869 lotum

21 3914 23 3943 ι
139 3888 238 3938 lectione
249 3890 353 3954 priorum
363 3886 489 3949 editonrm,
500 3900 569 3951 quum
580 3902 646 3935 rovo-
709 3884 733 3923 ⁷⁹
748 3882 1188 3951 Jmsunpdametmsrtnsa]

138 3954 381 4013 utinamutinam
392 3955 440 4001 visu
451 3962 497 4001 est.
678 3948 793 3997 Peniculo
810 3952 877 3997 etin
892 3959 971 4013 potest
987 3950 1060 3997 elteri
1078 3951 1117 3998 bic
1133 3950 1188 3999 ideo

171 4018 193 4055 ⁷¹
219 4016 328 4083 Momm
346 4034 372 4066 es
395 4018 495 4067 toruus
514 4012 590 4064 Gallos
609 4017 646 4063 in-
679 4014 754 4063 stlta
773 4014 876 4072 nutrio,
889 4014 942 4077 quis
962 4016 1038 4079 primo
1057 4014 1187 4079 equitatum

21 4048 23 4075 Ι
140 4092 207 4149 segra
233 4083 314 4146 legun
342 4080 451 4147 wat]
484 4080 646 4146 Repruenn-
679 4078 811 4128 Romam
821 4079 1103 4144 artaverat-upana
1129 4078 1187 4128 Eam

142 4164 192 4197 mus
211 4146 282 4211 ipsum
305 4146 358 4197 Put.
377 4158 403 4195 et
423 4146 479 4209 regii
496 4146 562 4196 codd.
576 4144 647 4257 :12-
679 4154 759 4193 temen
780 4142 868 4193 omittit
887 4140 941 4191 rut.
962 4144 1033 4207 lber,
1048 4156 1152 4193 et'uous
1169 4159 1187 4209 ρ

21 4242 24 4269 ;
139 4208 600 4277 ωηιι.οιιιιιιιιωιιρῑιιισιιῖ
680 4208 842 4258 &morinis

140 4276 194 4334 cist,
217 4277 340 4339 legendum
361 4286 398 4327 est
418 4274 488 4343 uago
508 4278 646 4341 permut
708 4272 999 4336 memoratu]
1014 4269 1187 4327 Qombioen

139 4340 212 4391 voluit
222 4342 368 4391 Gronovius:
385 4352 411 4389 et
425 4340 457 4391 ita
473 4340 553 4391 baberi
562 4340 587 4389 ln
598 4354 646 4389 uno
677 4338 827 4397 mutiat,
843 4352 917 4401 ῳιιιιι
933 4336 1029 4400 s'mgulis
1036 4337 1118 4385 diebos
1127 4330 1186 4385 mol·

23 4417 26 4446 =
139 4406 218 4455 euris
236 4404 355 4456 Hermiou
374 4414 482 4457 testatur.
515 4404 562 4455 llic
578 4404 646 4469 uulgo
677 4414 728 4452 tum
737 4400 826 4451 itineris
835 4402 980 4460 cortesius,
988 4414 1098 4466 quntum
1106 4414 1186 4465 tameo

23 4449 26 4459 ,
138 4470 250 4522 edebatur
271 4470 382 4539 Παρῆν
402 4483 428 4520 e
451 4470 549 4521 Mu
571 4468 647 4522 Gallos
677 4466 1045 4551 viaeeumpetislnebatvulous·

370 4582 374 4589 ·
734 4556 755 4600 0
770 4558 790 4599 0
806 4554 822 4601 2
928 4553 932 4562 ’
