<?xml version="1.0" encoding="UTF-8"?>
<!DOCTYPE html PUBLIC "-//W3C//DTD XHTML 1.0 Transitional//EN"
    "http://www.w3.org/TR/xhtml1/DTD/xhtml1-transitional.dtd">
<html xmlns="http://www.w3.org/1999/xhtml" xml:lang="en" lang="en">
 <head>
  <title>
</title>
<meta http-equiv="Content-Type" content="text/html;charset=utf-8" />
  <meta name='ocr-system' content='tesseract 3.04.00' />
  <meta name='ocr-capabilities' content='ocr_page ocr_carea ocr_par ocr_line ocrx_word'/>
</head>
<body>
  <div class='ocr_page' id='page_1' title='image "./tliviipatavinih01grongoog_0593.png"; bbox 0 0 3092 5200; ppageno 0'>
   <div class='ocr_carea' id='block_1_1' title="bbox 433 379 1192 449">
    <p class='ocr_par' dir='ltr' id='par_1_1' title="bbox 433 379 1192 449">
     <span class='ocr_line' id='line_1_1' title="bbox 433 379 1192 449; baseline -0.004 -2"><span class='ocrx_word' id='word_1_1' title='bbox 433 383 524 449; x_wconf 73' lang='grc' dir='ltr'><strong>ΜΒ.</strong></span> <span class='ocrx_word' id='word_1_2' title='bbox 538 381 641 444; x_wconf 88' lang='lat' dir='ltr'><strong>XXX.</strong></span> <span class='ocrx_word' id='word_1_3' title='bbox 660 381 742 444; x_wconf 78' lang='lat' dir='ltr'><strong>CAP.</strong></span> <span class='ocrx_word' id='word_1_4' title='bbox 755 379 897 444; x_wconf 83' lang='lat' dir='ltr'><strong>XXXIX.</strong></span> <span class='ocrx_word' id='word_1_5' title='bbox 1132 383 1192 444; x_wconf 75' lang='lat'><strong>⁵86</strong></span> 
     </span>
    </p>
   </div>
   <div class='ocr_carea' id='block_1_2' title="bbox 27 533 1360 3876">
    <p class='ocr_par' dir='ltr' id='par_1_2' title="bbox 27 511 1360 3876">
     <span class='ocr_line' id='line_1_2' title="bbox 27 533 1346 634; baseline 0 -35"><span class='ocrx_word' id='word_1_6' title='bbox 27 537 35 616; x_wconf 66' lang='grc' dir='ltr'><em>ζ</em></span> <span class='ocrx_word' id='word_1_7' title='bbox 149 537 230 600; x_wconf 84' lang='lat' dir='ltr'><strong>orelo</strong></span> <span class='ocrx_word' id='word_1_8' title='bbox 245 547 349 601; x_wconf 72' lang='lat' dir='ltr'><strong>tactas</strong></span> <span class='ocrx_word' id='word_1_9' title='bbox 365 549 397 601; x_wconf 90' lang='lat' dir='ltr'><strong>et</strong></span> <span class='ocrx_word' id='word_1_10' title='bbox 411 537 443 599; x_wconf 90' lang='lat' dir='ltr'><strong>in</strong></span> <span class='ocrx_word' id='word_1_11' title='bbox 454 535 572 599; x_wconf 88' lang='lat' dir='ltr'><strong>Palatio</strong></span> <span class='ocrx_word' id='word_1_12' title='bbox 580 537 733 620; x_wconf 89' lang='lat' dir='ltr'><strong>lapidibus</strong></span> <span class='ocrx_word' id='word_1_13' title='bbox 748 539 839 621; x_wconf 87' lang='lat' dir='ltr'><strong>pluit.</strong></span> <span class='ocrx_word' id='word_1_14' title='bbox 870 533 907 599; x_wconf 89' lang='lat' dir='ltr'><strong>ld</strong></span> <span class='ocrx_word' id='word_1_15' title='bbox 918 535 1093 634; x_wconf 81' lang='lat' dir='ltr'><strong>prodigium</strong></span> <span class='ocrx_word' id='word_1_16' title='bbox 1105 557 1191 599; x_wconf 91' lang='lat' dir='ltr'><strong>more</strong></span> <span class='ocrx_word' id='word_1_17' title='bbox 1205 537 1346 590; x_wconf 54' lang='grc' dir='ltr'><strong>0ιῦὤῆ</strong></span> 
     </span>
     <span class='ocr_line' id='line_1_3' title="bbox 27 603 1342 708; baseline -0.002 -22"><span class='ocrx_word' id='word_1_18' title='bbox 27 625 35 702; x_wconf 72' lang='lat' dir='ltr'><em>J</em></span> <span class='ocrx_word' id='word_1_19' title='bbox 150 624 250 708; x_wconf 87' lang='lat' dir='ltr'><strong>patrio</strong></span> <span class='ocrx_word' id='word_1_20' title='bbox 277 624 458 686; x_wconf 77' lang='lat' dir='ltr'><strong>novemdiali</strong></span> <span class='ocrx_word' id='word_1_21' title='bbox 484 643 582 700; x_wconf 88' lang='lat' dir='ltr'><strong>sacro,</strong></span> <span class='ocrx_word' id='word_1_22' title='bbox 608 635 711 686; x_wconf 88' lang='lat' dir='ltr'><strong>cetera</strong></span> <span class='ocrx_word' id='word_1_23' title='bbox 733 624 842 685; x_wconf 87' lang='lat' dir='ltr'><strong>hostiis</strong></span> <span class='ocrx_word' id='word_1_24' title='bbox 866 623 1031 702; x_wconf 71' lang='lat' dir='ltr'><strong>majoribus</strong></span> <span class='ocrx_word' id='word_1_25' title='bbox 1057 603 1342 705; x_wconf 55' lang='lat' dir='ltr'><strong>espinal-0²⁰²·</strong></span> 
     </span>
     <span class='ocr_line' id='line_1_4' title="bbox 27 708 1191 792; baseline 0.001 -22"><span class='ocrx_word' id='word_1_26' title='bbox 27 717 29 722; x_wconf 87' lang='lat'>&#39;</span> <span class='ocrx_word' id='word_1_27' title='bbox 151 709 311 791; x_wconf 78' lang='lat' dir='ltr'><strong>interque</strong></span> <span class='ocrx_word' id='word_1_28' title='bbox 335 711 430 773; x_wconf 86' lang='lat' dir='ltr'><strong>etiam</strong></span> <span class='ocrx_word' id='word_1_29' title='bbox 454 729 597 792; x_wconf 87' lang='lat' dir='ltr'><strong>aquarum</strong></span> <span class='ocrx_word' id='word_1_30' title='bbox 619 708 742 771; x_wconf 90' lang='lat' dir='ltr'><strong>insolita</strong></span> <span class='ocrx_word' id='word_1_31' title='bbox 762 709 944 790; x_wconf 83' lang='lat' dir='ltr'><strong>magnitudo</strong></span> <span class='ocrx_word' id='word_1_32' title='bbox 957 708 990 769; x_wconf 90' lang='lat' dir='ltr'><strong>in</strong></span> <span class='ocrx_word' id='word_1_33' title='bbox 1012 709 1191 790; x_wconf 80' lang='lat' dir='ltr'>religionem</span> 
     </span>
     <span class='ocr_line' id='line_1_5' title="bbox 150 791 1191 876; baseline 0.002 -22"><span class='ocrx_word' id='word_1_34' title='bbox 150 815 247 857; x_wconf 72' lang='lat' dir='ltr'><strong>umas.</strong></span> <span class='ocrx_word' id='word_1_35' title='bbox 272 817 344 858; x_wconf 89' lang='lat' dir='ltr'><strong>narn</strong></span> <span class='ocrx_word' id='word_1_36' title='bbox 359 796 404 858; x_wconf 85' lang='lat' dir='ltr'><strong>its</strong></span> <span class='ocrx_word' id='word_1_37' title='bbox 418 795 579 857; x_wconf 85' lang='lat' dir='ltr'><strong>abundavit</strong></span> <span class='ocrx_word' id='word_1_38' title='bbox 591 791 723 871; x_wconf 86' lang='lat' dir='ltr'><strong>Tiberis,</strong></span> <span class='ocrx_word' id='word_1_39' title='bbox 747 805 784 856; x_wconf 89' lang='lat' dir='ltr'><strong>ut</strong></span> <span class='ocrx_word' id='word_1_40' title='bbox 801 794 865 855; x_wconf 91' lang='lat' dir='ltr'><strong>iudi</strong></span> <span class='ocrx_word' id='word_1_41' title='bbox 879 793 1084 876; x_wconf 80' lang='lat' dir='ltr'><strong>Apollinares,</strong></span> <span class='ocrx_word' id='word_1_42' title='bbox 1108 797 1191 858; x_wconf 87' lang='lat' dir='ltr'><strong>circo</strong></span> 
     </span>
     <span class='ocr_line' id='line_1_6' title="bbox 150 879 1191 964; baseline 0.002 -23"><span class='ocrx_word' id='word_1_43' title='bbox 150 879 313 960; x_wconf 78' lang='lat' dir='ltr'><strong>inundato,</strong></span> <span class='ocrx_word' id='word_1_44' title='bbox 335 895 423 946; x_wconf 88' lang='lat' dir='ltr'><strong>extra</strong></span> <span class='ocrx_word' id='word_1_45' title='bbox 436 893 556 964; x_wconf 81' lang='lat' dir='ltr'><strong>portam</strong></span> <span class='ocrx_word' id='word_1_46' title='bbox 577 879 729 942; x_wconf 80' lang='lat' dir='ltr'><strong>Collinam</strong></span> <span class='ocrx_word' id='word_1_47' title='bbox 744 880 785 941; x_wconf 89' lang='lat' dir='ltr'><strong>ad</strong></span> <span class='ocrx_word' id='word_1_48' title='bbox 801 879 899 942; x_wconf 74' lang='lat' dir='ltr'><strong>adem</strong></span> <span class='ocrx_word' id='word_1_49' title='bbox 913 879 1050 962; x_wconf 77' lang='lat' dir='ltr'><strong>Erycinae</strong></span> <span class='ocrx_word' id='word_1_50' title='bbox 1063 879 1191 943; x_wconf 87' lang='lat' dir='ltr'><strong>Veneris</strong></span> 
     </span>
     <span class='ocr_line' id='line_1_7' title="bbox 27 964 1192 1048; baseline 0 -20"><span class='ocrx_word' id='word_1_51' title='bbox 27 967 28 986; x_wconf 67' lang='lat'>³</span> <span class='ocrx_word' id='word_1_52' title='bbox 152 969 253 1048; x_wconf 83' lang='lat' dir='ltr'><strong>parati</strong></span> <span class='ocrx_word' id='word_1_53' title='bbox 269 969 340 1030; x_wconf 89' lang='lat' dir='ltr'><strong>sint.</strong></span> <span class='ocrx_word' id='word_1_54' title='bbox 384 964 527 1029; x_wconf 78' lang='lat' dir='ltr'><strong>Getarum</strong></span> <span class='ocrx_word' id='word_1_55' title='bbox 554 965 695 1028; x_wconf 89' lang='lat' dir='ltr'><strong>ludorum</strong></span> <span class='ocrx_word' id='word_1_56' title='bbox 721 966 789 1047; x_wconf 90' lang='lat' dir='ltr'><strong>ipso</strong></span> <span class='ocrx_word' id='word_1_57' title='bbox 815 965 877 1042; x_wconf 87' lang='lat' dir='ltr'><strong>die,</strong></span> <span class='ocrx_word' id='word_1_58' title='bbox 900 967 1002 1028; x_wconf 89' lang='lat' dir='ltr'><strong>subita</strong></span> <span class='ocrx_word' id='word_1_59' title='bbox 1026 966 1192 1028; x_wconf 83' lang='lat' dir='ltr'><strong>serenitate</strong></span> 
     </span>
     <span class='ocr_line' id='line_1_8' title="bbox 151 1049 1191 1136; baseline -0.002 -21"><span class='ocrx_word' id='word_1_60' title='bbox 151 1064 229 1131; x_wconf 83' lang='lat' dir='ltr'><strong>orta,</strong></span> <span class='ocrx_word' id='word_1_61' title='bbox 244 1073 367 1136; x_wconf 91' lang='lat' dir='ltr'><strong>pompa,</strong></span> <span class='ocrx_word' id='word_1_62' title='bbox 389 1053 459 1114; x_wconf 92' lang='lat' dir='ltr'><strong>duci</strong></span> <span class='ocrx_word' id='word_1_63' title='bbox 474 1063 577 1134; x_wconf 85' lang='lat' dir='ltr'><strong>coepta</strong></span> <span class='ocrx_word' id='word_1_64' title='bbox 597 1053 637 1114; x_wconf 91' lang='lat' dir='ltr'><strong>ad</strong></span> <span class='ocrx_word' id='word_1_65' title='bbox 658 1063 779 1134; x_wconf 90' lang='lat' dir='ltr'><strong>portam</strong></span> <span class='ocrx_word' id='word_1_66' title='bbox 794 1049 958 1129; x_wconf 86' lang='lat' dir='ltr'><strong>Collinam,</strong></span> <span class='ocrx_word' id='word_1_67' title='bbox 981 1063 1123 1114; x_wconf 83' lang='lat' dir='ltr'><strong>revocata</strong></span> <span class='ocrx_word' id='word_1_68' title='bbox 1135 1052 1191 1113; x_wconf 92' lang='lat' dir='ltr'><strong>de-</strong></span> 
     </span>
     <span class='ocr_line' id='line_1_9' title="bbox 152 1135 1191 1220; baseline -0.003 -20"><span class='ocrx_word' id='word_1_69' title='bbox 152 1137 305 1219; x_wconf 87' lang='lat' dir='ltr'><strong>ductaque</strong></span> <span class='ocrx_word' id='word_1_70' title='bbox 319 1137 351 1199; x_wconf 93' lang='lat' dir='ltr'><strong>in</strong></span> <span class='ocrx_word' id='word_1_71' title='bbox 366 1139 481 1200; x_wconf 91' lang='lat' dir='ltr'><strong>circum</strong></span> <span class='ocrx_word' id='word_1_72' title='bbox 496 1135 560 1215; x_wconf 85' lang='lat' dir='ltr'><strong>est,¹</strong></span> <span class='ocrx_word' id='word_1_73' title='bbox 569 1157 662 1220; x_wconf 88' lang='lat' dir='ltr'><strong>quum</strong></span> <span class='ocrx_word' id='word_1_74' title='bbox 677 1137 841 1199; x_wconf 79' lang='lat' dir='ltr'><strong>decessisse</strong></span> <span class='ocrx_word' id='word_1_75' title='bbox 855 1137 927 1198; x_wconf 91' lang='lat' dir='ltr'><strong>inde</strong></span> <span class='ocrx_word' id='word_1_76' title='bbox 942 1157 1052 1217; x_wconf 90' lang='lat' dir='ltr'><strong>aquam</strong></span> <span class='ocrx_word' id='word_1_77' title='bbox 1064 1138 1191 1198; x_wconf 90' lang='lat' dir='ltr'><strong>nuncia-</strong></span> 
     </span>
     <span class='ocr_line' id='line_1_10' title="bbox 151 1222 1192 1306; baseline 0 -22"><span class='ocrx_word' id='word_1_78' title='bbox 151 1233 217 1284; x_wconf 84' lang='lat' dir='ltr'><strong>tum</strong></span> <span class='ocrx_word' id='word_1_79' title='bbox 233 1233 322 1286; x_wconf 88' lang='lat' dir='ltr'><strong>esset.</strong></span> <span class='ocrx_word' id='word_1_80' title='bbox 347 1224 544 1304; x_wconf 65' lang='lat' dir='ltr'><strong>letitiamque</strong></span> <span class='ocrx_word' id='word_1_81' title='bbox 565 1224 679 1306; x_wconf 92' lang='lat' dir='ltr'><strong>populo</strong></span> <span class='ocrx_word' id='word_1_82' title='bbox 702 1234 734 1286; x_wconf 92' lang='lat' dir='ltr'><strong>et</strong></span> <span class='ocrx_word' id='word_1_83' title='bbox 755 1223 834 1285; x_wconf 88' lang='lat' dir='ltr'><strong>ludis</strong></span> <span class='ocrx_word' id='word_1_84' title='bbox 849 1222 1057 1286; x_wconf 73' lang='lat' dir='ltr'><strong>celebritatem</strong></span> <span class='ocrx_word' id='word_1_85' title='bbox 1072 1222 1192 1285; x_wconf 86' lang='lat' dir='ltr'><strong>addidit</strong></span> 
     </span>
     <span class='ocr_line' id='line_1_11' title="bbox 152 1307 796 1390; baseline 0.002 -21"><span class='ocrx_word' id='word_1_86' title='bbox 152 1307 239 1370; x_wconf 72' lang='lat' dir='ltr'><strong>aedes</strong></span> <span class='ocrx_word' id='word_1_87' title='bbox 253 1329 309 1370; x_wconf 87' lang='lat' dir='ltr'><strong>sus</strong></span> <span class='ocrx_word' id='word_1_88' title='bbox 323 1309 463 1371; x_wconf 86' lang='lat' dir='ltr'><strong>s&#39;ollemni</strong></span> <span class='ocrx_word' id='word_1_89' title='bbox 477 1310 653 1390; x_wconf 88' lang='lat' dir='ltr'><strong>spectaculo</strong></span> <span class='ocrx_word' id='word_1_90' title='bbox 667 1309 796 1371; x_wconf 83' lang='lat' dir='ltr'><strong>reddita</strong></span> 
     </span>
     <span class='ocr_line' id='line_1_12' title="bbox 192 1391 1289 1478; baseline 0.001 -23"><span class='ocrx_word' id='word_1_91' title='bbox 192 1391 344 1456; x_wconf 85' lang='lat' dir='ltr'><strong>XXXiX.</strong></span> <span class='ocrx_word' id='word_1_92' title='bbox 377 1393 540 1458; x_wconf 88' lang='lat' dir='ltr'><strong>Claudiurn</strong></span> <span class='ocrx_word' id='word_1_93' title='bbox 577 1395 744 1473; x_wconf 92' lang='lat' dir='ltr'><strong>consulem,</strong></span> <span class='ocrx_word' id='word_1_94' title='bbox 780 1394 954 1478; x_wconf 84' lang='lat' dir='ltr'><strong>proiectum</strong></span> <span class='ocrx_word' id='word_1_95' title='bbox 990 1395 1115 1458; x_wconf 88' lang='lat' dir='ltr'><strong>tandem</strong></span> <span class='ocrx_word' id='word_1_96' title='bbox 1153 1397 1289 1457; x_wconf 68' lang='lat' dir='ltr'><strong>abeis-ir</strong></span> 
     </span>
     <span class='ocr_line' id='line_1_13' title="bbox 151 1466 1360 1563; baseline 0.004 -23"><span class='ocrx_word' id='word_1_97' title='bbox 151 1481 237 1558; x_wconf 87' lang='lat' dir='ltr'><strong>urbe,</strong></span> <span class='ocrx_word' id='word_1_98' title='bbox 262 1480 343 1543; x_wconf 89' lang='lat' dir='ltr'><strong>inter</strong></span> <span class='ocrx_word' id='word_1_99' title='bbox 365 1492 471 1563; x_wconf 90' lang='lat' dir='ltr'><strong>portus</strong></span> <span class='ocrx_word' id='word_1_100' title='bbox 486 1479 640 1552; x_wconf 81' lang='lat' dir='ltr'><strong>Cosanum</strong></span> <span class='ocrx_word' id='word_1_101' title='bbox 656 1479 920 1562; x_wconf 77' lang='lat' dir='ltr'><strong>lauretanumque</strong></span> <span class='ocrx_word' id='word_1_102' title='bbox 942 1492 1030 1544; x_wconf 85' lang='lat' dir='ltr'><strong>atrox</strong></span> <span class='ocrx_word' id='word_1_103' title='bbox 1051 1483 1097 1543; x_wconf 86' lang='lat' dir='ltr'><strong>vis</strong></span> <span class='ocrx_word' id='word_1_104' title='bbox 1111 1492 1191 1544; x_wconf 89' lang='lat' dir='ltr'><strong>tem·</strong></span> <span class='ocrx_word' id='word_1_105' title='bbox 1203 1469 1293 1520; x_wconf 59' lang='grc' dir='ltr'><strong>(Μ’</strong></span> <span class='ocrx_word' id='word_1_106' title='bbox 1304 1466 1360 1519; x_wconf 67' lang='lat'><strong>⁰⁰¹·</strong></span> 
     </span>
     <span class='ocr_line' id='line_1_14' title="bbox 150 1545 1343 1652; baseline 0.006 -26"><span class='ocrx_word' id='word_1_107' title='bbox 150 1565 277 1646; x_wconf 56' lang='lat' dir='ltr'><strong>prata</strong></span> <span class='ocrx_word' id='word_1_108' title='bbox 301 1566 410 1629; x_wconf 69' lang='lat' dir='ltr'><strong>saara</strong></span> <span class='ocrx_word' id='word_1_109' title='bbox 435 1567 466 1628; x_wconf 78' lang='lat' dir='ltr'><strong>n</strong></span> <span class='ocrx_word' id='word_1_110' title='bbox 499 1578 613 1630; x_wconf 83' lang='lat' dir='ltr'><strong>metum</strong></span> <span class='ocrx_word' id='word_1_111' title='bbox 640 1567 798 1650; x_wconf 85' lang='lat' dir='ltr'><strong>ingentem</strong></span> <span class='ocrx_word' id='word_1_112' title='bbox 825 1567 964 1628; x_wconf 70' lang='lat' dir='ltr'><strong>maura.</strong></span> <span class='ocrx_word' id='word_1_113' title='bbox 1007 1545 1343 1652; x_wconf 52' lang='lat' dir='ltr'><strong>popuronaffl</strong></span> 
     </span>
     <span class='ocr_line' id='line_1_15' title="bbox 150 1649 1192 1737; baseline 0.005 -26"><span class='ocrx_word' id='word_1_114' title='bbox 150 1649 223 1712; x_wconf 88' lang='lat' dir='ltr'><strong>inde</strong></span> <span class='ocrx_word' id='word_1_115' title='bbox 237 1671 329 1731; x_wconf 88' lang='lat' dir='ltr'><strong>quum</strong></span> <span class='ocrx_word' id='word_1_116' title='bbox 353 1653 551 1735; x_wconf 85' lang='lat' dir='ltr'><strong>pervenisset,</strong></span> <span class='ocrx_word' id='word_1_117' title='bbox 574 1654 766 1735; x_wconf 82' lang='lat' dir='ltr'><strong>stetissetque</strong></span> <span class='ocrx_word' id='word_1_118' title='bbox 788 1653 842 1731; x_wconf 88' lang='lat' dir='ltr'><strong>ibi,</strong></span> <span class='ocrx_word' id='word_1_119' title='bbox 864 1653 937 1714; x_wconf 92' lang='lat' dir='ltr'><strong>dum</strong></span> <span class='ocrx_word' id='word_1_120' title='bbox 953 1653 1098 1737; x_wconf 89' lang='lat' dir='ltr'><strong>reliquum</strong></span> <span class='ocrx_word' id='word_1_121' title='bbox 1112 1665 1192 1717; x_wconf 88' lang='lat' dir='ltr'><strong>tem-</strong></span> 
     </span>
     <span class='ocr_line' id='line_1_16' title="bbox 151 1735 1193 1819; baseline 0.006 -21"><span class='ocrx_word' id='word_1_122' title='bbox 151 1737 280 1817; x_wconf 88' lang='lat' dir='ltr'><strong>pestatis</strong></span> <span class='ocrx_word' id='word_1_123' title='bbox 302 1740 467 1816; x_wconf 69' lang='lat' dir='ltr'><strong>exsaedret,</strong></span> <span class='ocrx_word' id='word_1_124' title='bbox 494 1737 589 1801; x_wconf 84' lang='lat' dir='ltr'><strong>Ilvam</strong></span> <span class='ocrx_word' id='word_1_125' title='bbox 614 1738 753 1817; x_wconf 89' lang='lat' dir='ltr'><strong>insulam,</strong></span> <span class='ocrx_word' id='word_1_126' title='bbox 778 1750 810 1801; x_wconf 88' lang='lat' dir='ltr'><strong>et</strong></span> <span class='ocrx_word' id='word_1_127' title='bbox 832 1739 871 1800; x_wconf 92' lang='lat' dir='ltr'><strong>ab</strong></span> <span class='ocrx_word' id='word_1_128' title='bbox 897 1735 960 1800; x_wconf 89' lang='lat' dir='ltr'><strong>llva</strong></span> <span class='ocrx_word' id='word_1_129' title='bbox 982 1738 1149 1819; x_wconf 86' lang='lat' dir='ltr'><strong>Corsicam,</strong></span> <span class='ocrx_word' id='word_1_130' title='bbox 1173 1763 1193 1804; x_wconf 90' lang='lat' dir='ltr'><strong>a</strong></span> 
     </span>
     <span class='ocr_line' id='line_1_17' title="bbox 153 1819 1193 1909; baseline 0.006 -27"><span class='ocrx_word' id='word_1_131' title='bbox 153 1819 279 1884; x_wconf 88' lang='lat' dir='ltr'><strong>Corsica</strong></span> <span class='ocrx_word' id='word_1_132' title='bbox 309 1824 346 1884; x_wconf 86' lang='lat' dir='ltr'><strong>in</strong></span> <span class='ocrx_word' id='word_1_133' title='bbox 370 1821 541 1887; x_wconf 84' lang='lat' dir='ltr'><strong>Sardiniam</strong></span> <span class='ocrx_word' id='word_1_134' title='bbox 572 1824 703 1909; x_wconf 72' lang='lat' dir='ltr'><strong>trajecit.</strong></span> <span class='ocrx_word' id='word_1_135' title='bbox 754 1822 810 1886; x_wconf 85' lang='lat' dir='ltr'><strong>lbi</strong></span> <span class='ocrx_word' id='word_1_136' title='bbox 843 1837 1036 1908; x_wconf 87' lang='lat' dir='ltr'><strong>superantem</strong></span> <span class='ocrx_word' id='word_1_137' title='bbox 1066 1824 1193 1888; x_wconf 88' lang='lat' dir='ltr'><strong>lnsanos</strong></span> 
     </span>
     <span class='ocr_line' id='line_1_18' title="bbox 153 1909 1192 1994; baseline 0.006 -26"><span class='ocrx_word' id='word_1_138' title='bbox 153 1919 286 1987; x_wconf 89' lang='lat' dir='ltr'><strong>montes,</strong></span> <span class='ocrx_word' id='word_1_139' title='bbox 313 1909 410 1974; x_wconf 87' lang='lat' dir='ltr'><strong>multo</strong></span> <span class='ocrx_word' id='word_1_140' title='bbox 439 1923 470 1973; x_wconf 91' lang='lat' dir='ltr'><strong>et</strong></span> <span class='ocrx_word' id='word_1_141' title='bbox 496 1911 599 1972; x_wconf 77' lang='lat' dir='ltr'><strong>savior</strong></span> <span class='ocrx_word' id='word_1_142' title='bbox 625 1921 658 1973; x_wconf 91' lang='lat' dir='ltr'><strong>et</strong></span> <span class='ocrx_word' id='word_1_143' title='bbox 688 1910 893 1972; x_wconf 79' lang='lat' dir='ltr'><strong>infestioribus</strong></span> <span class='ocrx_word' id='word_1_144' title='bbox 922 1911 997 1972; x_wconf 90' lang='lat' dir='ltr'><strong>locis</strong></span> <span class='ocrx_word' id='word_1_145' title='bbox 1026 1922 1192 1994; x_wconf 85' lang='lat' dir='ltr'><strong>tempestas</strong></span> 
     </span>
     <span class='ocr_line' id='line_1_19' title="bbox 153 1993 1194 2094; baseline 0.006 -40"><span class='ocrx_word' id='word_1_146' title='bbox 153 1993 272 2094; x_wconf 70' lang='lat' dir='ltr'><strong>adorta,</strong></span> <span class='ocrx_word' id='word_1_147' title='bbox 297 1993 418 2076; x_wconf 88' lang='lat' dir='ltr'><strong>disjecit</strong></span> <span class='ocrx_word' id='word_1_148' title='bbox 444 1997 580 2059; x_wconf 85' lang='lat' dir='ltr'><strong>classem.</strong></span> <span class='ocrx_word' id='word_1_149' title='bbox 624 1994 732 2059; x_wconf 79' lang='lat' dir='ltr'><strong>Multae</strong></span> <span class='ocrx_word' id='word_1_150' title='bbox 759 2008 909 2078; x_wconf 80' lang='lat' dir='ltr'><strong>quassate</strong></span> <span class='ocrx_word' id='word_1_151' title='bbox 938 1999 1194 2079; x_wconf 86' lang='lat' dir='ltr'><strong>armamentisque</strong></span> 
     </span>
     <span class='ocr_line' id='line_1_20' title="bbox 152 2079 1195 2249; baseline 0.006 -24"><span class='ocrx_word' id='word_1_152' title='bbox 152 2079 596 2230; x_wconf 55' lang='lat' dir='ltr'><strong>dilaniabit}</strong></span> <span class='ocrx_word' id='word_1_153' title='bbox 619 2081 1195 2249; x_wconf 51' lang='lat' dir='ltr'><strong>intinxtitdltitt</strong></span> 
     </span>
     <span class='ocr_line' id='line_1_21' title="bbox 153 2247 1193 2337; baseline 0.007 -27"><span class='ocrx_word' id='word_1_154' title='bbox 153 2247 251 2312; x_wconf 90' lang='lat' dir='ltr'><strong>biems</strong></span> <span class='ocrx_word' id='word_1_155' title='bbox 281 2251 450 2334; x_wconf 85' lang='lat' dir='ltr'><strong>obpressit:</strong></span> <span class='ocrx_word' id='word_1_156' title='bbox 478 2255 754 2336; x_wconf 82' lang='lat' dir='ltr'><strong>circumactumque</strong></span> <span class='ocrx_word' id='word_1_157' title='bbox 785 2255 856 2315; x_wconf 88' lang='lat' dir='ltr'><strong>arrni</strong></span> <span class='ocrx_word' id='word_1_158' title='bbox 882 2265 1014 2337; x_wconf 79' lang='lat' dir='ltr'><strong>tempus,</strong></span> <span class='ocrx_word' id='word_1_159' title='bbox 1037 2265 1079 2333; x_wconf 86' lang='lat' dir='ltr'><strong>et,</strong></span> <span class='ocrx_word' id='word_1_160' title='bbox 1108 2256 1193 2318; x_wconf 91' lang='lat' dir='ltr'><strong>nulio</strong></span> 
     </span>
     <span class='ocr_line' id='line_1_22' title="bbox 151 2338 1193 2422; baseline 0.009 -27"><span class='ocrx_word' id='word_1_161' title='bbox 151 2349 338 2418; x_wconf 85' lang='lat' dir='ltr'><strong>prorogante</strong></span> <span class='ocrx_word' id='word_1_162' title='bbox 366 2338 538 2422; x_wconf 89' lang='lat' dir='ltr'><strong>imperium,</strong></span> <span class='ocrx_word' id='word_1_163' title='bbox 567 2341 699 2422; x_wconf 82' lang='lat' dir='ltr'><strong>privatus</strong></span> <span class='ocrx_word' id='word_1_164' title='bbox 727 2339 779 2402; x_wconf 88' lang='lat' dir='ltr'><strong>Ti.</strong></span> <span class='ocrx_word' id='word_1_165' title='bbox 794 2338 940 2402; x_wconf 90' lang='lat' dir='ltr'><strong>Claudius</strong></span> <span class='ocrx_word' id='word_1_166' title='bbox 969 2341 1097 2402; x_wconf 86' lang='lat' dir='ltr'><strong>classem</strong></span> <span class='ocrx_word' id='word_1_167' title='bbox 1127 2341 1193 2404; x_wconf 85' lang='lat' dir='ltr'><strong>Ro-</strong></span> 
     </span>
     <span class='ocr_line' id='line_1_23' title="bbox 153 2423 1194 2505; baseline 0.007 -24"><span class='ocrx_word' id='word_1_168' title='bbox 153 2439 235 2482; x_wconf 88' lang='lat' dir='ltr'><strong>mam</strong></span> <span class='ocrx_word' id='word_1_169' title='bbox 251 2423 380 2485; x_wconf 82' lang='lat' dir='ltr'><strong>reduxit.</strong></span> <span class='ocrx_word' id='word_1_170' title='bbox 424 2423 471 2487; x_wconf 90' lang='lat' dir='ltr'><strong>M.</strong></span> <span class='ocrx_word' id='word_1_171' title='bbox 486 2423 637 2505; x_wconf 79' lang='lat' dir='ltr'><strong>Servilius,</strong></span> <span class='ocrx_word' id='word_1_172' title='bbox 664 2447 702 2489; x_wconf 91' lang='lat' dir='ltr'><strong>ne</strong></span> <span class='ocrx_word' id='word_1_173' title='bbox 728 2427 923 2488; x_wconf 85' lang='lat' dir='ltr'><strong>comitionrm</strong></span> <span class='ocrx_word' id='word_1_174' title='bbox 947 2447 1054 2488; x_wconf 90' lang='lat' dir='ltr'><strong>caussa</strong></span> <span class='ocrx_word' id='word_1_175' title='bbox 1077 2427 1118 2488; x_wconf 89' lang='lat' dir='ltr'><strong>ad</strong></span> <span class='ocrx_word' id='word_1_176' title='bbox 1141 2449 1194 2489; x_wconf 90' lang='lat' dir='ltr'><strong>ur·</strong></span> 
     </span>
     <span class='ocr_line' id='line_1_24' title="bbox 153 2505 1194 2591; baseline 0.005 -23"><span class='ocrx_word' id='word_1_177' title='bbox 153 2505 223 2568; x_wconf 88' lang='lat' dir='ltr'><strong>bern</strong></span> <span class='ocrx_word' id='word_1_178' title='bbox 253 2519 453 2588; x_wconf 82' lang='lat' dir='ltr'><strong>revocaretur,</strong></span> <span class='ocrx_word' id='word_1_179' title='bbox 482 2510 631 2574; x_wconf 88' lang='lat' dir='ltr'><strong>dictatore</strong></span> <span class='ocrx_word' id='word_1_180' title='bbox 661 2510 746 2574; x_wconf 91' lang='lat' dir='ltr'><strong>dicto</strong></span> <span class='ocrx_word' id='word_1_181' title='bbox 776 2510 812 2573; x_wconf 88' lang='lat' dir='ltr'><strong>C.</strong></span> <span class='ocrx_word' id='word_1_182' title='bbox 836 2509 963 2574; x_wconf 83' lang='lat' dir='ltr'><strong>Servilio</strong></span> <span class='ocrx_word' id='word_1_183' title='bbox 985 2510 1127 2591; x_wconf 89' lang='lat' dir='ltr'><strong>Gemino,</strong></span> <span class='ocrx_word' id='word_1_184' title='bbox 1161 2515 1194 2574; x_wconf 91' lang='lat' dir='ltr'><strong>in</strong></span> 
     </span>
     <span class='ocr_line' id='line_1_25' title="bbox 152 2593 1196 2681; baseline 0.008 -27"><span class='ocrx_word' id='word_1_185' title='bbox 152 2593 338 2674; x_wconf 83' lang='lat' dir='ltr'><strong>provinciam</strong></span> <span class='ocrx_word' id='word_1_186' title='bbox 365 2607 413 2658; x_wconf 90' lang='lat' dir='ltr'><strong>est</strong></span> <span class='ocrx_word' id='word_1_187' title='bbox 435 2596 599 2679; x_wconf 84' lang='lat' dir='ltr'><strong>profectus.</strong></span> <span class='ocrx_word' id='word_1_188' title='bbox 641 2595 786 2659; x_wconf 89' lang='lat' dir='ltr'><strong>Dictator</strong></span> <span class='ocrx_word' id='word_1_189' title='bbox 809 2599 989 2679; x_wconf 84' lang='lat' dir='ltr'><strong>magistrum</strong></span> <span class='ocrx_word' id='word_1_190' title='bbox 1011 2599 1147 2681; x_wconf 87' lang='lat' dir='ltr'><strong>equitum</strong></span> <span class='ocrx_word' id='word_1_191' title='bbox 1160 2598 1196 2663; x_wconf 81' lang='lat' dir='ltr'><strong>P.</strong></span> 
     </span>
     <span class='ocr_line' id='line_1_26' title="bbox 150 2676 1194 2766; baseline 0.008 -27"><span class='ocrx_word' id='word_1_192' title='bbox 150 2676 268 2741; x_wconf 81' lang='lat' dir='ltr'><strong>AElium</strong></span> <span class='ocrx_word' id='word_1_193' title='bbox 295 2678 409 2743; x_wconf 80' lang='lat' dir='ltr'><strong>Paturn</strong></span> <span class='ocrx_word' id='word_1_194' title='bbox 432 2682 519 2745; x_wconf 86' lang='lat' dir='ltr'><strong>dixit.</strong></span> <span class='ocrx_word' id='word_1_195' title='bbox 564 2676 660 2764; x_wconf 49' lang='lat' dir='ltr'><strong>“Saepe</strong></span> <span class='ocrx_word' id='word_1_196' title='bbox 685 2684 811 2744; x_wconf 88' lang='lat' dir='ltr'><strong>comitia</strong></span> <span class='ocrx_word' id='word_1_197' title='bbox 833 2684 951 2745; x_wconf 88' lang='lat' dir='ltr'><strong>indicta</strong></span> <span class='ocrx_word' id='word_1_198' title='bbox 980 2684 1083 2766; x_wconf 89' lang='lat' dir='ltr'><strong>perlici</strong></span> <span class='ocrx_word' id='word_1_199' title='bbox 1113 2697 1194 2747; x_wconf 83' lang='lat' dir='ltr'><strong>tern-</strong></span> 
     </span>
     <span class='ocr_line' id='line_1_27' title="bbox 50 2766 1195 2850; baseline 0.008 -26"><span class='ocrx_word' id='word_1_200' title='bbox 50 2822 58 2833; x_wconf 79' lang='grc'><strong>,</strong></span> <span class='ocrx_word' id='word_1_201' title='bbox 152 2776 286 2847; x_wconf 85' lang='lat' dir='ltr'><strong>pestates</strong></span> <span class='ocrx_word' id='word_1_202' title='bbox 316 2766 547 2846; x_wconf 87' lang='lat' dir='ltr'><strong>prohibuerunt.</strong></span> <span class='ocrx_word' id='word_1_203' title='bbox 576 2768 689 2847; x_wconf 83' lang='lat' dir='ltr'><strong>itaque,</strong></span> <span class='ocrx_word' id='word_1_204' title='bbox 720 2788 814 2848; x_wconf 89' lang='lat' dir='ltr'><strong>quum</strong></span> <span class='ocrx_word' id='word_1_205' title='bbox 842 2772 870 2808; x_wconf 80' lang='lat'><strong>⁸⁸</strong></span> <span class='ocrx_word' id='word_1_206' title='bbox 881 2770 980 2850; x_wconf 87' lang='lat' dir='ltr'><strong>pridie</strong></span> <span class='ocrx_word' id='word_1_207' title='bbox 1010 2768 1080 2830; x_wconf 93' lang='lat' dir='ltr'><strong>ldus</strong></span> <span class='ocrx_word' id='word_1_208' title='bbox 1106 2769 1195 2833; x_wconf 88' lang='lat' dir='ltr'><strong>Mar·</strong></span> 
     </span>
     <span class='ocr_line' id='line_1_28' title="bbox 154 2850 1194 2933; baseline 0.006 -22"><span class='ocrx_word' id='word_1_209' title='bbox 154 2850 213 2911; x_wconf 84' lang='lat' dir='ltr'><strong>tias</strong></span> <span class='ocrx_word' id='word_1_210' title='bbox 227 2852 254 2889; x_wconf 79' lang='lat'><strong>⁸⁴</strong></span> <span class='ocrx_word' id='word_1_211' title='bbox 263 2860 379 2911; x_wconf 81' lang='lat' dir='ltr'><strong>veteres</strong></span> <span class='ocrx_word' id='word_1_212' title='bbox 393 2851 596 2931; x_wconf 71' lang='lat' dir='ltr'><strong>magistraret</strong></span> <span class='ocrx_word' id='word_1_213' title='bbox 611 2852 756 2929; x_wconf 86' lang='lat' dir='ltr'><strong>abissent,</strong></span> <span class='ocrx_word' id='word_1_214' title='bbox 773 2854 844 2913; x_wconf 74' lang='lat' dir='ltr'><strong>noni</strong></span> <span class='ocrx_word' id='word_1_215' title='bbox 860 2852 989 2913; x_wconf 80' lang='lat' dir='ltr'><strong>subiecti</strong></span> <span class='ocrx_word' id='word_1_216' title='bbox 1004 2871 1067 2914; x_wconf 92' lang='lat' dir='ltr'><strong>non</strong></span> <span class='ocrx_word' id='word_1_217' title='bbox 1082 2867 1194 2933; x_wconf 88' lang='lat' dir='ltr'><strong>essent,</strong></span> 
     </span>
     <span class='ocr_line' id='line_1_29' title="bbox 152 2934 1194 3019; baseline 0.004 -22"><span class='ocrx_word' id='word_1_218' title='bbox 152 2934 325 3019; x_wconf 87' lang='lat' dir='ltr'><strong>respublica</strong></span> <span class='ocrx_word' id='word_1_219' title='bbox 347 2935 412 2999; x_wconf 86' lang='lat' dir='ltr'><strong>sine</strong></span> <span class='ocrx_word' id='word_1_220' title='bbox 437 2936 589 2998; x_wconf 91' lang='lat' dir='ltr'><strong>curulibus</strong></span> <span class='ocrx_word' id='word_1_221' title='bbox 614 2936 840 3017; x_wconf 87' lang='lat' dir='ltr'><strong>magistratibus</strong></span> <span class='ocrx_word' id='word_1_222' title='bbox 866 2947 942 2999; x_wconf 89' lang='lat' dir='ltr'><strong>erat.</strong></span> <span class='ocrx_word' id='word_1_223' title='bbox 983 2936 1043 3000; x_wconf 64' lang='grc' dir='ltr'><strong>ΤΑ</strong></span> <span class='ocrx_word' id='word_1_224' title='bbox 1058 2937 1194 3002; x_wconf 88' lang='lat' dir='ltr'><strong>Manlius</strong></span> 
     </span>
     <span class='ocr_line' id='line_1_30' title="bbox 152 3018 1195 3103; baseline 0.005 -20"><span class='ocrx_word' id='word_1_225' title='bbox 152 3018 326 3103; x_wconf 85' lang='lat' dir='ltr'><strong>Torquatus</strong></span> <span class='ocrx_word' id='word_1_226' title='bbox 340 3021 479 3103; x_wconf 85' lang='lat' dir='ltr'><strong>pontifex</strong></span> <span class='ocrx_word' id='word_1_227' title='bbox 494 3044 532 3085; x_wconf 91' lang='lat' dir='ltr'><strong>eo</strong></span> <span class='ocrx_word' id='word_1_228' title='bbox 546 3042 627 3084; x_wconf 91' lang='lat' dir='ltr'><strong>anno</strong></span> <span class='ocrx_word' id='word_1_229' title='bbox 649 3034 794 3084; x_wconf 88' lang='lat' dir='ltr'><strong>mortuus.</strong></span> <span class='ocrx_word' id='word_1_230' title='bbox 816 3024 848 3085; x_wconf 90' lang='lat' dir='ltr'><strong>in</strong></span> <span class='ocrx_word' id='word_1_231' title='bbox 870 3023 971 3085; x_wconf 88' lang='lat' dir='ltr'><strong>iocum</strong></span> <span class='ocrx_word' id='word_1_232' title='bbox 992 3021 1059 3103; x_wconf 83' lang='lat' dir='ltr'><strong>ejus</strong></span> <span class='ocrx_word' id='word_1_233' title='bbox 1073 3025 1195 3088; x_wconf 82' lang='lat' dir='ltr'><strong>subiec-</strong></span> 
     </span>
     <span class='ocr_line' id='line_1_31' title="bbox 152 3103 1194 3189; baseline 0.004 -21"><span class='ocrx_word' id='word_1_234' title='bbox 152 3117 204 3169; x_wconf 85' lang='lat' dir='ltr'><strong>tus</strong></span> <span class='ocrx_word' id='word_1_235' title='bbox 230 3106 267 3169; x_wconf 91' lang='lat' dir='ltr'><strong>C.</strong></span> <span class='ocrx_word' id='word_1_236' title='bbox 282 3103 433 3189; x_wconf 86' lang='lat' dir='ltr'><strong>Sulpicius</strong></span> <span class='ocrx_word' id='word_1_237' title='bbox 447 3105 555 3171; x_wconf 86' lang='lat' dir='ltr'><strong>Galba.</strong></span> <span class='ocrx_word' id='word_1_238' title='bbox 599 3108 649 3170; x_wconf 85' lang='lat' dir='ltr'><strong>Ab</strong></span> <span class='ocrx_word' id='word_1_239' title='bbox 673 3106 707 3171; x_wconf 80' lang='lat' dir='ltr'><strong>L.</strong></span> <span class='ocrx_word' id='word_1_240' title='bbox 723 3105 842 3170; x_wconf 88' lang='lat' dir='ltr'><strong>Licinio</strong></span> <span class='ocrx_word' id='word_1_241' title='bbox 856 3106 983 3171; x_wconf 90' lang='lat' dir='ltr'><strong>Lucullo</strong></span> <span class='ocrx_word' id='word_1_242' title='bbox 1008 3122 1040 3172; x_wconf 91' lang='lat' dir='ltr'><strong>et</strong></span> <span class='ocrx_word' id='word_1_243' title='bbox 1066 3110 1105 3181; x_wconf 87' lang='lat' dir='ltr'><strong>Q.</strong></span> <span class='ocrx_word' id='word_1_244' title='bbox 1121 3109 1194 3172; x_wconf 70' lang='lat' dir='ltr'><strong>liui-</strong></span> 
     </span>
     <span class='ocr_line' id='line_1_32' title="bbox 152 3192 1193 3259; baseline 0.004 -4"><span class='ocrx_word' id='word_1_245' title='bbox 152 3194 203 3255; x_wconf 82' lang='lat' dir='ltr'><strong>vio</strong></span> <span class='ocrx_word' id='word_1_246' title='bbox 217 3193 353 3255; x_wconf 78' lang='lat' dir='ltr'><strong>edilibus</strong></span> <span class='ocrx_word' id='word_1_247' title='bbox 367 3192 517 3256; x_wconf 87' lang='lat' dir='ltr'><strong>curulibus</strong></span> <span class='ocrx_word' id='word_1_248' title='bbox 540 3194 604 3256; x_wconf 90' lang='lat' dir='ltr'><strong>iudi</strong></span> <span class='ocrx_word' id='word_1_249' title='bbox 626 3192 758 3256; x_wconf 85' lang='lat' dir='ltr'><strong>Romani</strong></span> <span class='ocrx_word' id='word_1_250' title='bbox 780 3204 827 3256; x_wconf 84' lang='lat' dir='ltr'><strong>ter</strong></span> <span class='ocrx_word' id='word_1_251' title='bbox 848 3196 907 3257; x_wconf 90' lang='lat' dir='ltr'><strong>toti</strong></span> <span class='ocrx_word' id='word_1_252' title='bbox 922 3196 1092 3258; x_wconf 82' lang='lat' dir='ltr'><strong>instaurati.</strong></span> <span class='ocrx_word' id='word_1_253' title='bbox 1136 3195 1193 3259; x_wconf 86' lang='lat' dir='ltr'><strong>Pe·</strong></span> 
     </span>
     <span class='ocr_line' id='line_1_33' title="bbox 150 3279 1194 3364; baseline 0.006 -23"><span class='ocrx_word' id='word_1_254' title='bbox 150 3281 276 3343; x_wconf 82' lang='lat' dir='ltr'><strong>cuniam</strong></span> <span class='ocrx_word' id='word_1_255' title='bbox 296 3298 336 3341; x_wconf 85' lang='lat' dir='ltr'><strong>ex</strong></span> <span class='ocrx_word' id='word_1_256' title='bbox 356 3279 460 3341; x_wconf 80' lang='lat' dir='ltr'><strong>erario</strong></span> <span class='ocrx_word' id='word_1_257' title='bbox 481 3280 586 3342; x_wconf 80' lang='lat' dir='ltr'><strong>scribae</strong></span> <span class='ocrx_word' id='word_1_258' title='bbox 606 3280 796 3364; x_wconf 83' lang='lat' dir='ltr'><strong>viatoresque</strong></span> <span class='ocrx_word' id='word_1_259' title='bbox 818 3280 932 3344; x_wconf 80' lang='lat' dir='ltr'><strong>redilitii</strong></span> <span class='ocrx_word' id='word_1_260' title='bbox 955 3281 1035 3343; x_wconf 90' lang='lat' dir='ltr'><strong>clam</strong></span> <span class='ocrx_word' id='word_1_261' title='bbox 1049 3284 1194 3363; x_wconf 81' lang='lat' dir='ltr'><strong>egessisse</strong></span> 
     </span>
     <span class='ocr_line' id='line_1_34' title="bbox 151 3364 1194 3448; baseline 0.006 -22"><span class='ocrx_word' id='word_1_262' title='bbox 151 3383 207 3448; x_wconf 90' lang='lat' dir='ltr'><strong>per</strong></span> <span class='ocrx_word' id='word_1_263' title='bbox 230 3364 362 3427; x_wconf 87' lang='lat' dir='ltr'><strong>indicem</strong></span> <span class='ocrx_word' id='word_1_264' title='bbox 385 3384 454 3427; x_wconf 90' lang='lat' dir='ltr'><strong>corn</strong></span> <span class='ocrx_word' id='word_1_265' title='bbox 476 3366 544 3444; x_wconf 88' lang='lat' dir='ltr'><strong>erti,</strong></span> <span class='ocrx_word' id='word_1_266' title='bbox 571 3364 708 3428; x_wconf 87' lang='lat' dir='ltr'><strong>damnati</strong></span> <span class='ocrx_word' id='word_1_267' title='bbox 723 3378 805 3443; x_wconf 89' lang='lat' dir='ltr'><strong>sunt,</strong></span> <span class='ocrx_word' id='word_1_268' title='bbox 827 3386 890 3427; x_wconf 94' lang='lat' dir='ltr'><strong>non</strong></span> <span class='ocrx_word' id='word_1_269' title='bbox 913 3366 979 3429; x_wconf 89' lang='lat' dir='ltr'><strong>sine</strong></span> <span class='ocrx_word' id='word_1_270' title='bbox 992 3367 1194 3431; x_wconf 86' lang='lat' dir='ltr'><strong>infamiaLu·</strong></span> 
     </span>
     <span class='ocr_line' id='line_1_35' title="bbox 152 3448 1194 3535; baseline 0.003 -22"><span class='ocrx_word' id='word_1_271' title='bbox 152 3452 223 3513; x_wconf 91' lang='lat' dir='ltr'><strong>culli</strong></span> <span class='ocrx_word' id='word_1_272' title='bbox 249 3450 354 3513; x_wconf 75' lang='lat' dir='ltr'><strong>sedilis.</strong></span> <span class='ocrx_word' id='word_1_273' title='bbox 398 3448 432 3513; x_wconf 82' lang='lat' dir='ltr'><strong>P.</strong></span> <span class='ocrx_word' id='word_1_274' title='bbox 486 3452 544 3513; x_wconf 88' lang='lat' dir='ltr'><strong>lius</strong></span> <span class='ocrx_word' id='word_1_275' title='bbox 557 3448 681 3513; x_wconf 86' lang='lat' dir='ltr'><strong>Tubero</strong></span> <span class='ocrx_word' id='word_1_276' title='bbox 707 3462 739 3513; x_wconf 87' lang='lat' dir='ltr'><strong>et</strong></span> <span class='ocrx_word' id='word_1_277' title='bbox 753 3450 789 3513; x_wconf 75' lang='lat' dir='ltr'><strong>b.</strong></span> <span class='ocrx_word' id='word_1_278' title='bbox 805 3450 952 3514; x_wconf 50' lang='lat' dir='ltr'><strong>laetorius</strong></span> <span class='ocrx_word' id='word_1_279' title='bbox 973 3451 1074 3514; x_wconf 75' lang='lat' dir='ltr'><strong>ediles</strong></span> <span class='ocrx_word' id='word_1_280' title='bbox 1096 3455 1194 3535; x_wconf 91' lang='lat' dir='ltr'><strong>piebis</strong></span> 
     </span>
     <span class='ocr_line' id='line_1_36' title="bbox 152 3536 1193 3622; baseline 0.004 -23"><span class='ocrx_word' id='word_1_281' title='bbox 152 3536 229 3601; x_wconf 84' lang='lat' dir='ltr'><strong>vitio</strong></span> <span class='ocrx_word' id='word_1_282' title='bbox 244 3537 349 3615; x_wconf 89' lang='lat' dir='ltr'><strong>creati,</strong></span> <span class='ocrx_word' id='word_1_283' title='bbox 370 3537 550 3618; x_wconf 81' lang='lat' dir='ltr'><strong>magistratu</strong></span> <span class='ocrx_word' id='word_1_284' title='bbox 565 3558 597 3599; x_wconf 92' lang='lat' dir='ltr'><strong>se</strong></span> <span class='ocrx_word' id='word_1_285' title='bbox 611 3536 802 3615; x_wconf 82' lang='lat' dir='ltr'><strong>abdicamnt,</strong></span> <span class='ocrx_word' id='word_1_286' title='bbox 827 3558 919 3622; x_wconf 90' lang='lat' dir='ltr'><strong>quum</strong></span> <span class='ocrx_word' id='word_1_287' title='bbox 935 3537 1023 3600; x_wconf 89' lang='lat' dir='ltr'><strong>ludos</strong></span> <span class='ocrx_word' id='word_1_288' title='bbox 1037 3539 1193 3603; x_wconf 89' lang='lat' dir='ltr'><strong>ludorum·</strong></span> 
     </span>
     <span class='ocr_line' id='line_1_37' title="bbox 148 3620 1191 3706; baseline 0.005 -22"><span class='ocrx_word' id='word_1_289' title='bbox 148 3641 211 3706; x_wconf 88' lang='lat' dir='ltr'><strong>qne</strong></span> <span class='ocrx_word' id='word_1_290' title='bbox 226 3642 334 3685; x_wconf 89' lang='lat' dir='ltr'><strong>caussa</strong></span> <span class='ocrx_word' id='word_1_291' title='bbox 354 3621 477 3703; x_wconf 88' lang='lat' dir='ltr'><strong>epulum</strong></span> <span class='ocrx_word' id='word_1_292' title='bbox 489 3620 559 3685; x_wconf 82' lang='lat' dir='ltr'><strong>Jovi</strong></span> <span class='ocrx_word' id='word_1_293' title='bbox 575 3621 730 3701; x_wconf 79' lang='lat' dir='ltr'><strong>iecissent,</strong></span> <span class='ocrx_word' id='word_1_294' title='bbox 745 3634 778 3686; x_wconf 90' lang='lat' dir='ltr'><strong>et</strong></span> <span class='ocrx_word' id='word_1_295' title='bbox 792 3623 880 3706; x_wconf 79' lang='lat' dir='ltr'><strong>signs</strong></span> <span class='ocrx_word' id='word_1_296' title='bbox 893 3623 951 3686; x_wconf 85' lang='lat' dir='ltr'><strong>tria</strong></span> <span class='ocrx_word' id='word_1_297' title='bbox 965 3644 1004 3687; x_wconf 86' lang='lat' dir='ltr'><strong>ex</strong></span> <span class='ocrx_word' id='word_1_298' title='bbox 1018 3625 1191 3689; x_wconf 83' lang='lat' dir='ltr'><strong>multaticio</strong></span> 
     </span>
     <span class='ocr_line' id='line_1_38' title="bbox 152 3706 1192 3792; baseline 0.004 -22"><span class='ocrx_word' id='word_1_299' title='bbox 152 3718 278 3792; x_wconf 86' lang='lat' dir='ltr'><strong>argento</strong></span> <span class='ocrx_word' id='word_1_300' title='bbox 293 3708 376 3769; x_wconf 81' lang='lat' dir='ltr'><strong>facta</strong></span> <span class='ocrx_word' id='word_1_301' title='bbox 390 3707 422 3767; x_wconf 90' lang='lat' dir='ltr'><strong>in</strong></span> <span class='ocrx_word' id='word_1_302' title='bbox 437 3706 591 3789; x_wconf 88' lang='lat' dir='ltr'><strong>Capitolio</strong></span> <span class='ocrx_word' id='word_1_303' title='bbox 606 3710 787 3791; x_wconf 82' lang='lat' dir='ltr'><strong>posuissent.</strong></span> <span class='ocrx_word' id='word_1_304' title='bbox 830 3713 860 3750; x_wconf 74' lang='lat'><strong>⁸⁸</strong></span> <span class='ocrx_word' id='word_1_305' title='bbox 869 3708 1008 3772; x_wconf 89' lang='lat' dir='ltr'><strong>Cerealia</strong></span> <span class='ocrx_word' id='word_1_306' title='bbox 1022 3709 1109 3774; x_wconf 92' lang='lat' dir='ltr'><strong>iudos</strong></span> <span class='ocrx_word' id='word_1_307' title='bbox 1125 3711 1192 3775; x_wconf 90' lang='lat' dir='ltr'><strong>dic·</strong></span> 
     </span>
     <span class='ocr_line' id='line_1_39' title="bbox 151 3792 1085 3876; baseline 0.002 -19"><span class='ocrx_word' id='word_1_308' title='bbox 151 3804 235 3858; x_wconf 74' lang='lat' dir='ltr'><strong>tator</strong></span> <span class='ocrx_word' id='word_1_309' title='bbox 248 3805 282 3859; x_wconf 86' lang='lat' dir='ltr'><strong>et</strong></span> <span class='ocrx_word' id='word_1_310' title='bbox 295 3792 442 3876; x_wconf 82' lang='lat' dir='ltr'><strong>magister</strong></span> <span class='ocrx_word' id='word_1_311' title='bbox 456 3794 592 3875; x_wconf 88' lang='lat' dir='ltr'><strong>equitum</strong></span> <span class='ocrx_word' id='word_1_312' title='bbox 608 3814 647 3857; x_wconf 88' lang='lat' dir='ltr'><strong>ex</strong></span> <span class='ocrx_word' id='word_1_313' title='bbox 661 3796 925 3861; x_wconf 87' lang='lat' dir='ltr'><strong>senatusconsulto</strong></span> <span class='ocrx_word' id='word_1_314' title='bbox 939 3795 1085 3859; x_wconf 86' lang='lat' dir='ltr'><strong>iecerunt.</strong></span> 
     </span>
    </p>
   </div>
   <div class='ocr_carea' id='block_1_3' title="bbox 345 3946 994 4021">
    <p class='ocr_par' dir='ltr' id='par_1_3' title="bbox 345 3946 994 4021">
     <span class='ocr_line' id='line_1_40' title="bbox 345 3946 994 4021; baseline -0.003 -17"><span class='ocrx_word' id='word_1_315' title='bbox 345 3951 669 4021; x_wconf 49' lang='lat' dir='ltr'><strong>unimammas.</strong></span> <span class='ocrx_word' id='word_1_316' title='bbox 863 3946 994 4002; x_wconf 58' lang='lat' dir='ltr'><strong>raud.</strong></span> 
     </span>
    </p>
   </div>
   <div class='ocr_carea' id='block_1_4' title="bbox 144 4078 1192 4297">
    <p class='ocr_par' dir='ltr' id='par_1_4' title="bbox 144 4078 1192 4297">
     <span class='ocr_line' id='line_1_41' title="bbox 144 4078 1192 4169; baseline 0.006 -18"><span class='ocrx_word' id='word_1_317' title='bbox 144 4078 655 4169; x_wconf 62' lang='lat' dir='ltr'><strong>&#39;menarramerqonmar-</strong></span> <span class='ocrx_word' id='word_1_318' title='bbox 685 4102 991 4169; x_wconf 57' lang='lat' dir='ltr'><strong>mammenus</strong></span> <span class='ocrx_word' id='word_1_319' title='bbox 1073 4107 1192 4157; x_wconf 67' lang='lat' dir='ltr'><strong>aurea</strong></span> 
     </span>
     <span class='ocr_line' id='line_1_42' title="bbox 146 4166 1191 4235; baseline 0.004 -17"><span class='ocrx_word' id='word_1_320' title='bbox 146 4166 218 4218; x_wconf 71' lang='lat' dir='ltr'><strong>lm</strong></span> <span class='ocrx_word' id='word_1_321' title='bbox 232 4169 384 4232; x_wconf 74' lang='lat' dir='ltr'><strong>preto-idas.</strong></span> <span class='ocrx_word' id='word_1_322' title='bbox 418 4171 524 4221; x_wconf 62' lang='lat' dir='ltr'><strong>maru</strong></span> <span class='ocrx_word' id='word_1_323' title='bbox 538 4172 655 4234; x_wconf 67' lang='lat' dir='ltr'><strong>Sigonius.</strong></span> <span class='ocrx_word' id='word_1_324' title='bbox 685 4170 968 4232; x_wconf 66' lang='lat' dir='ltr'><strong>maurinum-s</strong></span> <span class='ocrx_word' id='word_1_325' title='bbox 1079 4174 1191 4235; x_wconf 69' lang='lat' dir='ltr'><strong>quiresc-</strong></span> 
     </span>
     <span class='ocr_line' id='line_1_43' title="bbox 150 4231 1191 4297; baseline 0.005 -16"><span class='ocrx_word' id='word_1_326' title='bbox 150 4231 656 4297; x_wconf 71' lang='lat' dir='ltr'><strong>irrqoousotiutcsbrbstduoaeaoetris</strong></span> <span class='ocrx_word' id='word_1_327' title='bbox 685 4232 1038 4287; x_wconf 70' lang='lat' dir='ltr'><strong>emturdrisrtmem‘.</strong></span> <span class='ocrx_word' id='word_1_328' title='bbox 1069 4236 1191 4286; x_wconf 71' lang='lat' dir='ltr'><strong>&amp;mubi-</strong></span> 
     </span>
    </p>
   </div>
   <div class='ocr_carea' id='block_1_5' title="bbox 145 4298 1191 4562">
    <p class='ocr_par' dir='ltr' id='par_1_5' title="bbox 145 4298 1190 4431">
     <span class='ocr_line' id='line_1_44' title="bbox 145 4298 1190 4367; baseline 0.006 -22"><span class='ocrx_word' id='word_1_329' title='bbox 145 4298 215 4347; x_wconf 73' lang='lat' dir='ltr'><strong>ssu.</strong></span> <span class='ocrx_word' id='word_1_330' title='bbox 686 4315 731 4365; x_wconf 73' lang='lat' dir='ltr'><strong>qs·</strong></span> <span class='ocrx_word' id='word_1_331' title='bbox 754 4298 834 4349; x_wconf 63' lang='lat' dir='ltr'><strong>nuru</strong></span> <span class='ocrx_word' id='word_1_332' title='bbox 858 4298 936 4346; x_wconf 65' lang='lat' dir='ltr'><strong>aaut</strong></span> <span class='ocrx_word' id='word_1_333' title='bbox 961 4302 1021 4349; x_wconf 67' lang='lat' dir='ltr'><strong>aa·</strong></span> <span class='ocrx_word' id='word_1_334' title='bbox 1039 4302 1190 4367; x_wconf 54' lang='lat' dir='ltr'><strong>agata„</strong></span> 
     </span>
     <span class='ocr_line' id='line_1_45' title="bbox 192 4361 1049 4431; baseline -0.006 -14"><span class='ocrx_word' id='word_1_335' title='bbox 192 4361 330 4417; x_wconf 68' lang='lat' dir='ltr'><strong>“Vm</strong></span> <span class='ocrx_word' id='word_1_336' title='bbox 369 4368 509 4431; x_wconf 57' lang='lat' dir='ltr'><strong>«paruo</strong></span> <span class='ocrx_word' id='word_1_337' title='bbox 549 4366 651 4431; x_wconf 67' lang='lat' dir='ltr'><strong>rm}</strong></span> <span class='ocrx_word' id='word_1_338' title='bbox 683 4364 1049 4428; x_wconf 57' lang='lat' dir='ltr'><strong>nunqua-emtum.</strong></span> 
     </span>
    </p>

    <p class='ocr_par' dir='ltr' id='par_1_6' title="bbox 148 4422 1191 4562">
     <span class='ocr_line' id='line_1_46' title="bbox 148 4422 1189 4497; baseline 0.006 -22"><span class='ocrx_word' id='word_1_339' title='bbox 148 4422 224 4479; x_wconf 72' lang='lat' dir='ltr'><strong>tutes</strong></span> <span class='ocrx_word' id='word_1_340' title='bbox 251 4428 297 4491; x_wconf 70' lang='lat' dir='ltr'><strong>ieri</strong></span> <span class='ocrx_word' id='word_1_341' title='bbox 319 4430 448 4481; x_wconf 72' lang='grc' dir='ltr'><strong>Θιωονὶω</strong></span> <span class='ocrx_word' id='word_1_342' title='bbox 475 4434 655 4497; x_wconf 71' lang='lat' dir='ltr'><strong>muga-</strong></span> <span class='ocrx_word' id='word_1_343' title='bbox 715 4424 945 4487; x_wconf 52' lang='lat' dir='ltr'><strong>flammina]</strong></span> <span class='ocrx_word' id='word_1_344' title='bbox 968 4429 1189 4481; x_wconf 65' lang='lat' dir='ltr'><strong>stratarum.</strong></span> 
     </span>
     <span class='ocr_line' id='line_1_47' title="bbox 149 4490 1191 4562; baseline -0.001 -17"><span class='ocrx_word' id='word_1_345' title='bbox 149 4494 656 4562; x_wconf 59' lang='lat' dir='ltr'><strong>mamistanensem·</strong></span> <span class='ocrx_word' id='word_1_346' title='bbox 684 4496 759 4547; x_wconf 63' lang='lat' dir='ltr'><strong>aba</strong></span> <span class='ocrx_word' id='word_1_347' title='bbox 785 4490 1191 4558; x_wconf 57' lang='lat' dir='ltr'><strong>mahummariam.</strong></span> 
     </span>
    </p>
   </div>
   <div class='ocr_carea' id='block_1_6' title="bbox 0 0 1551 5200">
    <p class='ocr_par' dir='ltr' id='par_1_7' title="bbox 0 0 1551 5200">
     <span class='ocr_line' id='line_1_48' title="bbox 0 0 1551 5200; baseline 0 0"><span class='ocrx_word' id='word_1_348' title='bbox 0 0 1551 5200; x_wconf 95' lang='lat' dir='ltr'><strong> </strong></span> 
     </span>
    </p>
   </div>
  </div>
 </body>
</html>
