3092 5200
293 303 303 328 ’
347 361 406 418 aaa
733 304 963 470 ..nur-arun

179 509 214 562 u.
225 507 255 562 0·
266 511 324 566 tta.
347 501 611 593 ‘liberarco'rpora
631 511 753 594 placere
775 497 841 571 sine
862 529 951 571 mora
969 505 1174 571 locrensium
1188 511 1317 574 restituti
1333 531 1402 575 nou

177 575 318 630 ΝΜ
347 599 430 659 ‘levi
447 597 657 660 defunctumm
673 617 775 680 poena,
798 597 849 678 qui
874 616 937 658 non
958 596 1162 660 restituisset'
1199 596 1400 662 Iocreusimn

348 684 459 748 deinde
471 685 649 746 concionem
665 685 782 762 habuit,
795 696 898 764 atque,
913 683 971 744 ‘iis
982 684 1156 746 libertatem
1172 684 1311 767 legaaqm
1321 707 1399 748 suas

347 773 359 805 ‘
374 772 519 854 populum
536 771 708 833 Romanurn
724 783 926 851 senatumque
941 768 1121 848 restituere‚’
1143 771 1234 833 dixit.
1275 769 1328 833 ‘Si
1340 773 1414 857 qui'

274 858 276 862 ’
347 858 358 892 ‘
373 857 553 920 Pleminium
566 858 695 920 aliumve
705 878 795 938 quem
807 877 950 918 accusare
959 856 1061 934 vellet,
1076 857 1230 939 Rhegium
1244 879 1277 920 se
1287 879 1396 940 aeque-

346 945 463 1008 ‘retun
487 943 519 1007 Si
535 945 575 1006 de
590 943 623 1005 P.
637 942 780 1026 Scipione
796 944 949 1027 ¹“publice
960 943 1044 1027 queri
1054 944 1180 1022 vellent,
1191 965 1238 1023 ea,
1253 966 1321 1027 que
1330 945 1402 1010 ln:

345 1033 357 1065 ‘
372 1033 430 1094 cris
444 1032 560 1094 nefarie
577 1033 609 1093 in
629 1028 712 1093 Deos
734 1031 933 1112 hominesque
947 1031 1032 1092 lacta
1047 1044 1160 1110 essent,
1170 1029 1258 1112 jrusu
1269 1044 1324 1094 aut
1336 1053 1397 1095 vo·

345 1118 357 1152 ‘
371 1120 489 1182 luntate
505 1116 538 1181 P.
548 1116 700 1202 Scipionis
710 1116 793 1180 lacta
806 1139 882 1196 ease,
896 1118 1015 1199 legatos
1028 1118 1185 1181 mitterent
1195 1117 1397 1200 Messanam

346 1207 413 1268 ‘ibi
434 1227 466 1268 sa
485 1226 555 1267 curn
577 1205 704 1267 consilio
724 1203 937 1286 cogniturum!
981 1202 1148 1266 locrenses
1172 1207 1288 1288 praetori
1303 1207 1394 1289 lega·

346 1293 357 1326 ‘
372 1294 485 1374 tisquc,
506 1306 538 1354 et
553 1293 671 1354 senatui
686 1312 722 1352 ae
738 1290 852 1374 populo
866 1290 1009 1353 Romano
1022 1293 1138 1374 gratias
1151 1313 1256 1374 egere:
1278 1295 1333 1354 ‘se
1347 1294 1395 1356 ad

258 1427 266 1444 .
347 1377 552 1442 ‘Pleminium
568 1379 770 1441 accusandum
786 1379 895 1440 ituros.
938 1375 1124 1461 Scipionem,
1139 1399 1317 1464 quamquam
1330 1401 1392 1463 pa·

345 1468 438 1528 ‘rum
454 1466 570 1548 injuriis
589 1466 720 1528 civitatis
744 1486 806 1528 sua
829 1464 971 1542 doluerit,
993 1485 1064 1526 eum
1089 1487 1156 1528 ease
1178 1467 1285 1545 νὶιιιιιι,
1299 1487 1395 1549 quem

346 1554 357 1588 ‘
373 1554 504 1616 amicum
519 1554 587 1632 sibi,
603 1573 695 1634 quam
707 1553 876 1629 inimicum,
892 1553 1002 1614 malint
1016 1573 1092 1614 esse.
1108 1567 1267 1635 procerte
1286 1573 1319 1614 se
1334 1553 1393 1615 lra-

346 1641 454 1718 ‘bcre,
474 1659 573 1722 neque
584 1638 682 1721 jussu,
697 1658 798 1721 neque
810 1639 968 1702 voluntate
984 1638 1017 1700 P.
1026 1637 1181 1722 Scipionis
1196 1652 1323 1703 tottam
1336 1661 1395 1702 ne·

346 1727 357 1760 ‘
373 1727 467 1789 landa
478 1727 661 1789 commissa:
687 1738 741 1788 aut
753 1725 902 1787 Pleminio
911 1726 1052 1806 nimium,
1068 1738 1121 1788 aut
1134 1728 1193 1788 sibi
1209 1748 1393 1810 parumcre·

346 1814 358 1848 ‘
374 1814 482 1876 ditum.
505 1811 624 1876 Natura
633 1813 757 1876 insitum
769 1812 950 1894 quibusdam
962 1834 1038 1891 esse,
1048 1824 1083 1875 ut
1094 1815 1192 1895 magia
1201 1815 1322 1897 peccari
1333 1834 1394 1876 no·

347 1905 358 1935 ‘
373 1901 442 1980 lint,
456 1921 546 1982 quam
563 1901 636 1962 satis
650 1901 744 1962 animi
759 1900 801 1961 ad
815 1900 997 1962 vindicanda
1010 1912 1141 1983 peccata
1151 1899 1305 1962 habeant'
1347 1899 1393 1964 Et

345 1989 467 2071 praetori
488 1999 520 2049 et
536 1988 663 2049 consilio
681 1986 764 2049 haud
782 1987 936 2049 mediocre
949 2007 1025 2049 onus
1039 1988 1179 2050 demtum
1194 2000 1260 2050 erat
1270 1989 1308 2050 de
1322 1985 1393 2050 Sci-

347 2077 437 2157 pione
453 2073 668 2156 cognoscendi.
691 2072 882 2153 Pleminium,
897 2089 931 2135 et
944 2073 984 2134 ad
995 2075 1056 2136 duo
1068 2086 1102 2136 et
1113 2075 1240 2157 triginta
1251 2075 1392 2137 homines

341 2181 414 2223 curn
431 2182 469 2222 eo
485 2161 713 2238 damnaverunt,
728 2177 821 2241 atque
835 2161 868 2221 in
880 2161 996 2222 catenis
1008 2160 1140 2223 Romam
1155 2163 1310 2224 miserunt:
1325 2162 1391 2244 ipsi

345 2247 387 2309 ad
402 2243 577 2330 Scipionem
591 2248 722 2331 profecti
743 2258 824 2325 stunt,
846 2258 883 2308 ut
903 2269 939 2308 ea
958 2267 1086 2331 quoque,
1106 2269 1180 2330 quaa
1188 2249 1309 2331 vulgata
1320 2269 1390 2308 aer·

345 2334 486 2396 monibus
501 2345 586 2396 erant
601 2335 639 2396 de
654 2336 738 2396 cultu
760 2354 797 2396 ac
819 2334 937 2396 desidia
950 2334 1143 2417 imperatoris
1156 2336 1313 2416 solutaque
1326 2335 1390 2396 mi-

345 2421 417 2482 litia
432 2421 602 2504 disciplina,
617 2432 777 2502 comperta
789 2421 891 2483 oculis·
899 2421 1066 2504 perferrent
1081 2420 1224 2484 Romam.

178 2501 308 2566 ΜΡΝ
388 2505 492 2569 ΧΧΙῘ.
514 2505 714 2570 Venientibus
733 2507 777 2568 eis
803 2505 980 2591 Syracusas,
1002 2504 1108 2592 Scipio
1122 2531 1180 2587 res,
1204 2529 1265 2570 nou
1285 2510 1395 2587 verba,

178 2568 315 2698 23⁰⁰an
345 2592 384 2656 od
399 2592 589 2677 purgandum
605 2616 670 2657 sese
685 2594 811 2677 paravit.
833 2598 1001 2658 exercitum
1016 2618 1137 2659 omnem
1156 2618 1195 2658 eo
1212 2598 1393 2674 convenire,

179 2699 235 2749 am
245 2715 270 2751 κ
280 2715 321 2765 1²²·
344 2681 472 2749 classem
486 2682 621 2765 expediri
637 2681 738 2763 jussit,
764 2694 924 2762 tamquam
940 2681 1144 2747 dimicandum
1165 2704 1204 2745 eo
1229 2682 1279 2744 die
1299 2694 1391 2745 terra

175 2777 220 2821 nt·
280 2774 284 2783 ’
343 2768 480 2853 marique
506 2789 575 2829 curn
601 2766 906 2851 Karthaginiensibus
929 2781 1020 2833 esset.
1063 2770 1133 2841 Quo
1152 2771 1203 2832 die
1226 2782 1393 2848 veneram,

291 2866 296 2877 “
343 2856 480 2937 hospitio
493 2856 622 2918 comiter
637 2856 770 2939 acceptis
784 2866 909 2939 postero
930 2857 981 2919 die
1003 2868 1175 2920 terrestrem
1189 2856 1389 2939 navalemque

343 2943 504 3020 exercitus,
518 2962 581 3005 non
596 2944 760 3005 instnrctos
773 2944 877 3021 modo,
900 2944 955 3005 sed
970 2945 1026 3006 hos
1041 2944 1244 3022 decurrentes,
1258 2944 1389 3005 classem

343 3030 374 3091 in
390 3041 492 3113 portu,
518 3029 710 3092 simulacrum
733 3040 765 3092 et
785 3032 883 3113 ipsam
906 3031 1048 3093 edentem
1070 3032 1185 3093 navalis
1204 3052 1321 3114 pugna,
1335 3027 1388 3093 os-

342 3116 460 3178 tendit:
483 3130 549 3179 tum
572 3118 653 3179 circa
683 3118 918 3179 armamentaria
942 3130 975 3181 et
999 3119 1109 3200 horrea
1133 3118 1287 3199 aliumque
1315 3117 1388 3179 belli

342 3202 524 3285 adparatum
541 3205 698 3267 visendum
713 3217 823 3286 pretor
842 3205 995 3288 legatique
1016 3206 1111 3267 ducti.
1154 3203 1315 3286 Tantaque
1330 3204 1387 3267 ad-

342 3292 466 3352 miratio
482 3294 506 3337 ¹⁷
516 3291 701 3373 singularum
723 3291 988 3373 universarumque
1012 3314 1113 3354 rerum
1134 3293 1266 3370 incussa,
1287 3304 1322 3353 ut
1335 3312 1387 3353 sa-

341 3378 382 3439 tia
397 3378 565 3455 crederent,
577 3389 645 3439 ‘aut
662 3378 716 3439 illo
738 3377 816 3439 duce
838 3390 928 3463 atque
942 3380 1079 3441 exercitu
1092 3380 1172 3441 vinci
1189 3377 1388 3459 Karthagini·

334 3484 446 3526 ‘ensem
475 3466 631 3547 populum,
657 3475 710 3525 aut
737 3464 823 3526 nullo
851 3466 911 3527 alio
941 3486 1039 3549 posse.
1064 3466 1276 3549 juberentque,
1300 3465 1387 3545 quod

341 3549 394 3612 Dii
418 3552 495 3613 bene
522 3564 684 3629 verterent,
697 3550 860 3634 trajicere,
889 3565 921 3615 et
953 3554 1017 3635 spei
1048 3564 1215 3636 concepta,
1247 3572 1304 3633 quo
1329 3550 1384 3611 die

342 3637 428 3701 illurn
458 3658 564 3699 omncs
593 3638 737 3700 centuria
759 3639 892 3721 priorem
915 3640 1071 3702 comulem
1101 3640 1257 3717 dixissem
1283 3638 1387 3721 primo

231 3866 236 3881 ¹
342 3866 386 3923 bri,
409 3876 433 3916 et
461 3868 512 3931 ejus
535 3868 587 3916 la'co
614 3863 755 3917 subnitundt
781 3871 848 3919 rande.
878 3872 1059 3935 singularumque
1087 3888 1172 3921 nm.
1215 3872 1315 3921 Minime
1342 3872 1392 3933 igi-

343 3933 422 3995 ltaque
442 3933 570 3981 Gmoorius
588 3933 709 3995 legendum
727 3946 807 3998 putat:
829 3938 849 3983 si
880 3948 920 3984 tar
937 3938 1052 3986 medimna
1067 3938 1189 3986 Gronovio
1204 3939 1325 3999 legendum
1336 3954 1392 3987 ease

343 3998 397 4060 prid
425 4014 471 4046 non
496 4008 634 4061 compararet,
665 4002 796 4059 vindicaret,
825 4001 850 4048 id
880 4004 1021 4067 dapum
1038 4019 1122 4066 qaoque
1139 4001 1225 4063 mu,
1245 4005 1277 4051 ita
1299 4014 1329 4051 ut
1349 4004 1391 4051 'ni-

343 4074 388 4120 ιιι,
398 4063 485 4128 judicio
495 4073 619 4128 repeteret.
651 4064 703 4112 Noa
720 4076 784 4113 tanta
799 4082 849 4114 mo.
881 4068 952 4129 telligi
982 4068 1075 4129 debeat,
1101 4084 1148 4116 nun
1173 4069 1241 4117 modo
1271 4069 1391 4117 unium

343 4128 460 4194 lirlpiget,
478 4130 517 4178 nbi
536 4130 587 4177 libri
604 4140 690 4178 certam
705 4146 751 4179 uon
767 4133 849 4195 prase-
880 4147 942 4181 mm.
974 4130 1203 4197 Putaremplsrhic
1216 4135 1390 4183 matildam

343 4207 399 4241 runt
415 4200 499 4245 lacem.
530 4194 619 4244 Victor.
638 4198 709 4245 codex
724 4208 801 4245 servat
821 4195 851 4245 τὸ
881 4199 1002 4258 ιηάἰιιιυε,
1021 4212 1050 4248 ιιι
1064 4215 1133 4248 versu
1149 4201 1290 4263 pratedenti
1304 4214 1348 4263 pro
1365 4209 1392 4248 at

343 4268 458 4319 repeteret.
880 4267 942 4312 cir-az
1110 4267 1115 4278 '
1151 4274 1175 4313 at
1195 4266 1280 4321 lom,
1303 4265 1390 4312 oliu-

377 4322 811 4391 16ΡιιΙιίίιε]Νοιιιὶιιιιιιιεεὶιὶιειίι.
881 4344 923 4391 praa
984 4332 1147 4392 'oppam
1167 4330 1350 4379 exhibetidcm
1359 4332 1393 4377 Β·

375 4388 397 4425 17
428 4388 572 4455 Singulatim
596 4395 788 4454 uniuersorumque
813 4408 848 4439 ra·
880 4393 921 4441 ber
942 4404 1071 4444 truncatam
1096 4395 1293 4460 dalaimam„
1315 4397 1391 4461 arrip-

340 4452 406 4517 rarn]
434 4452 494 4502 Ouia
516 4456 607 4505 dubitet
633 4457 676 4505 hoc
703 4472 752 4505 etse
774 4457 851 4504 Livii?
879 4470 964 4522 turam,
984 4472 1007 4512 et
1028 4463 1087 4510 εἰναι
1109 4465 1244 4513 ommis
1267 4472 1291 4510 et
1309 4462 1392 4511 lom-

341 4518 468 4583 pmanim
487 4536 557 4580 quum
577 4521 682 4570 meliora·
697 4522 786 4570 codices
801 4524 848 4571 ha·
880 4533 935 4575 tuor.
1008 4572 1015 4579 ,

339 4590 380 4651 jus
415 4586 532 4651 atripnuae
567 4587 687 4649 vestigium
722 4587 849 4649 retineant,
