3092 5200
321 407 357 458 rs
670 385 673 394 '
730 399 814 458 T1T1
834 398 933 458 mvn

198 545 390 626 c.s³t.q¹1'¹³
419 556 527 626 praeter
557 565 642 628 spem
682 545 868 621 resisterent,
903 545 1067 607 crevissent
1097 546 1191 607 animi
1203 568 1213 625 3
1244 546 1369 628 Poenus,

194 634 223 682 C·
234 635 291 683 21⁸·
318 632 471 714 quianon
490 631 622 708 vicisset,
646 654 702 715 pro
724 633 807 694 victo
833 643 913 694 esset
925 654 935 708 ;
959 632 1125 694 clamorem
1142 646 1269 716 repente
1279 636 1371 717 oppi-

319 717 391 798 dani
407 717 529 796 tollunt,
545 718 724 799 hostemque
750 719 782 778 in
804 718 904 779 ruinas
927 717 1005 779 muri
1027 719 1208 800 expellunt3
1232 721 1304 782 inde
1318 722 1370 781 in-

318 803 466 886 peditum·
483 804 745 886 trepidantemque
772 806 937 866 exturbant
948 827 958 883 3
982 814 1139 886 postremo
1160 806 1261 868 fissum
1281 807 1371 889 friga-

319 901 444 971 tumque
459 890 605 953 incastra
619 891 770 972 redigunt.
809 889 934 952 lntcrim
946 893 992 951 ab'
1003 891 1104 953 Roma
1118 893 1238 973 legatos
1252 894 1369 955 venisse

149 983 272 1032 tinnibat
319 977 497 1039 nunciatum
523 989 579 1039 est.
604 977 712 1057 quibus
738 978 860 1038 obviam
887 977 926 1038 ad
956 998 1039 1038 mure
1062 979 1145 1039 missi
1177 981 1216 1040 ab
1247 977 1369 1041 Hanni·

150 1049 237 1162 ffi‘*
318 1063 399 1141 bale,
429 1063 478 1144 qui
505 1063 651 1140 dicerent,
679 1084 737 1126 nec
767 1075 837 1125 tuto
866 1084 919 1123 eos
949 1063 1085 1125 adituros
1115 1065 1196 1126 inter
1225 1077 1273 1127 tot
1302 1077 1368 1127 tam

135 1130 280 1231 ,dmffissn
318 1153 345 1188 ‘⁴
355 1149 568 1210 efferatarum·
580 1150 719 1230 gentiunt
735 1170 840 1210 arma:
864 1170 921 1210 nec
938 1147 1116 1229 Hannibali,
1132 1150 1187 1212 inb
1206 1162 1294 1213 tanto
1305 1152 1370 1212 dis-

318 1236 444 1313 crimine
460 1255 569 1312 rerum,
592 1241 733 1318 ⁴‘operaev
748 1257 814 1297 esse
835 1236 1004 1317 legationes
1019 1237 1133 1297 audire.
1177 1237 1367 1320 Adparebat,

317 1343 379 1400 non
395 1322 542 1386 admissos
558 1323 697 1404 protinus
713 1319 934 1403 Karthaginem
950 1321 1053 1383 ituros.
1069 1323 1171 1384 literas
1186 1324 1278 1405 igitur
1288 1343 1369 1385 nun·

317 1409 441 1489 ciosque
456 1408 496 1470 ad
512 1409 665 1490 principes
680 1407 822 1469 factionis
837 1407 974 1468 Barcinae
993 1409 1161 1491 premittit,
1187 1421 1222 1472 ut
1246 1430 1367 1493 praepa-

318 1507 420 1556 rarent
445 1515 569 1556 suorum
594 1495 724 1572 animos,
754 1494 890 1574 nequid
917 1514 984 1575 pars
1003 1494 1101 1555 altera
1121 1495 1283 1576 gratificari
1308 1515 1366 1576 pro

319 1579 466 1642 Romanis
482 1593 596 1663 posset.
1123 1635 1129 1647 ,

138 1661 230 1722 'legati
361 1665 403 1728 X.
426 1665 543 1748 ltaque,
569 1677 767 1749 preterquam
793 1666 876 1746 quod
898 1665 1022 1727 admissi
1049 1667 1204 1749 auditique
1223 1683 1304 1749 sunt,
1328 1693 1367 1734 ea

148 1725 294 1852 ἓξὲξ·
318 1773 437 1835 quoque
451 1774 530 1814 vana
546 1767 637 1834 atque
661 1753 746 1814 irrita
766 1753 882 1833 legatio
904 1751 972 1813 fuit.
1017 1749 1131 1815 Hanno
1145 1775 1223 1816 unus
1239 1757 1366 1821 adverso

147 1868 214 1905 eunt.
317 1854 425 1903 senatu
440 1859 579 1901 caussam
594 1838 727 1915 foederis,
743 1859 857 1919 magno
867 1838 989 1899 silentio
1009 1852 1135 1921 propter
1150 1843 1368 1907 auctoritatem

148 1921 273 2000 nequent·
318 1947 414 2004 suam,
434 1929 535 1988 “non
547 1925 709 1987 adsensum
725 1925 925 2002 audientium,
940 1925 1015 2005 egit.
1059 1924 1141 1987 ‘Per
1154 1925 1247 2005 Deos,
1268 1928 1366 1991 foede-

148 2000 271 2100 ἓξὲξ,
318 2015 409 2084 ‘rum
423 2013 551 2074 arbitros
574 2032 611 2073 ac
635 2021 738 2087 testes,
755 2011 920 2086 monuisse,
935 2011 1109 2092 praedixisse
1123 2033 1166 2090 se,
1188 2034 1227 2074 ne
1243 2011 1367 2077 Hamil·

131 2145 138 2158 -.
146 2115 203 2165 len.
318 2101 329 2134 ‘
342 2101 420 2161 caris
433 2098 609 2181 progeniem
621 2097 660 2158 ad
673 2096 842 2158 exercitum
854 2099 1022 2158 mitterent.
1032 2118 1093 2159 non
1103 2103 1368 2180 manes,nonstir·

318 2187 414 2268 ‘pem
435 2183 499 2264 ejus
520 2182 733 2264 conquiescere
745 2182 816 2243 viri:
842 2203 898 2244 nec
918 2203 1075 2264 umquam,
1094 2186 1193 2246 donec
1212 2188 1368 2270 sanguinis

318 2271 535 2351 ‘nominisque
561 2267 683 2330 Barcini
712 2269 870 2352 quisquam
893 2270 1033 2351 supersit,
1059 2271 1200 2352 quietura
1226 2271 1368 2336 Romana

317 2357 470 2419 ‘foedera
499 2354 519 2418 J
523 2377 648 2418 uvenem
664 2356 842 2437 flagrantem
858 2356 1001 2438 cupidine
1018 2357 1112 2438 regni,
1124 2358 1264 2440 viamque
1275 2379 1369 2422 unam

319 2444 429 2506 ‘adid
444 2454 632 2519 cernentem,
647 2443 671 2503 si
684 2463 723 2503 ex
734 2442 823 2502 bellis
841 2441 921 2502 bella
932 2443 1061 2502 serendo
1084 2444 1260 2506 subcinctus
1275 2447 1367 2508 armis

317 2531 328 2563 ‘
343 2528 571 2613 legionibusque
586 2528 677 2605 vivat,
690 2527 771 2588 velut
788 2529 946 2588 materiam
957 2528 1019 2610 igni
1032 2530 1210 2611 prebentes,
1225 2532 1264 2592 ad
1280 2553 1367 2594 exer·

299 2617 328 2649 ·‘
344 2618 423 2691 citus
439 2616 572 2679 misistis.
585 2614 701 2677 aluistis
713 2635 787 2696 ergo
798 2614 858 2676 hoc
874 2614 1060 2694 incendium,
1075 2637 1135 2699 quo
1151 2638 1231 2701 nunc
1242 2619 1366 2682 ardetis.

301 2703 327 2736 '⁴
342 2701 513 2785 Saguntum
528 2702 619 2763 vestri
635 2700 850 2763 circumsident
866 2702 1027 2783 exercitus,
1053 2702 1133 2763 unde
1149 2716 1290 2766 arcentur
1305 2705 1365 2767 loe·

317 2790 329 2822 ‘
344 2790 436 2851 dere:
459 2810 531 2851 mort
545 2787 766 2871 Karthaginem
789 2787 1046 2849 circumsidebunt
1057 2786 1202 2851 Romanae
1218 2791 1365 2873 legiones,

317 2876 328 2908 ‘
343 2876 468 2937 ducibus
480 2875 587 2936 iisdem
600 2872 678 2952 Diis,
693 2896 747 2957 per
758 2894 834 2953 quos
850 2875 950 2956 priore
962 2873 1044 2935 hello
1060 2888 1149 2957 rupta
1164 2875 1280 2938 foedera
1293 2888 1367 2939 sunt

317 2962 329 2994 ‘
342 2960 409 3025 ulti.
455 2959 567 3025 Utrum
583 2962 714 3038 hostem,
729 2982 768 3021 an
785 2980 848 3037 vos,
863 2981 904 3021 an
919 2959 1073 3023 fortunam
1083 2961 1236 3045 utriusque
1247 2964 1366 3044 populi,

317 3047 329 3081 ‘
344 3048 513 3129 ignoratis?
539 3047 681 3129 Legatos,
702 3048 741 3107 ab
757 3047 848 3107 sociis
862 3058 896 3106 et
909 3067 965 3127 pro
979 3048 1070 3108 sociis
1084 3048 1250 3126 uenientes,
1267 3050 1368 3111 bonus

317 3134 329 3167 ‘
344 3134 510 3217 imperator
524 3146 623 3196 voster
636 3136 666 3195 in
683 3145 784 3194 castra
798 3154 860 3193 non
873 3132 1006 3211 admisit,
1018 3132 1068 3213 jus
1083 3134 1222 3215 gentium
1232 3136 1366 3199 sustulit.

317 3221 328 3253 ‘
344 3222 375 3283 hi
392 3232 505 3298 tamen,
522 3221 602 3282 unde
614 3242 652 3283 ne
665 3221 800 3282 hostium
813 3220 937 3302 quidem
957 3220 1050 3301 legati
1066 3233 1217 3297 arcentur,
1232 3221 1311 3304 pulsi
1326 3222 1368 3284 ad

316 3306 394 3369 ‘vos
407 3308 543 3385 veniunt,
563 3330 610 3369 res
627 3329 666 3369 ex
688 3307 801 3367 loedere
815 3317 966 3387 repetiuit.
987 3309 1014 3351 ⁴⁷
1024 3307 1147 3388 publica
1167 3307 1249 3368 fraus
1265 3308 1366 3386 absit3

145 569 186 618 U.

150 634 183 683 Α.

480 3491 493 3517 ²
507 3482 665 3547 affinitatum
675 3486 750 3533 Gron.
761 3485 831 3531 Cret.
1023 3484 1127 3533 biudei.
1140 3484 1204 3532 aaa

313 3624 363 3657 uno
379 3612 471 3660 eeedd.
494 3611 654 3670 Gronorirn‘u,
670 3629 717 3661 uno
739 3614 820 3661 itidem
851 3628 899 3660 noo
932 3628 986 3674 ergo
1012 3629 1063 3660 euru
1097 3629 1184 3663 omma
1211 3614 1361 3673 audientias,

313 3691 328 3723 e
348 3675 445 3723 aarum
473 3692 516 3723 nec
533 3692 597 3726 naue
611 3679 649 3726 illa
672 3694 727 3727 rore
747 3679 818 3740 quid·
852 3679 968 3739 quomodo
994 3679 1083 3726 habeut
1103 3678 1166 3726 libri.
1199 3678 1228 3725 ln
1254 3679 1282 3727 iis
1307 3696 1361 3743 qu·

315 3743 556 3881 squamulae}
588 3806 694 3864 Sigonius
732 3821 745 3853 e
775 3822 815 3853 ve·
847 3757 1196 3869 6,)ᾘῖῐοῖᾆῖῃὲἵῖὶὲ
1206 3742 1243 3856 veetl
1257 3756 1359 3859 w

312 3881 365 3917 tero
383 3870 441 3918 lrhro
471 3871 525 3932 legit
546 3870 687 3933 efferatarum
729 3872 815 3919 Assen-
848 3872 897 3927 bet,
911 3884 970 3920 terte
986 3875 1117 3921 Gronovlo:
1135 3878 1190 3937 egit,
1206 3874 1357 3940 perdeorfoe·

311 3935 369 3983 titur
390 3934 522 3984 lhotarium
544 3938 623 3985 codex.
668 3934 718 3981 Nec
737 3936 815 3998 displi-
846 3938 925 3984 derum
951 3938 1043 3985 arbitror
1066 3956 1094 3987 ac
1119 3946 1180 3987 terta
1206 3939 1311 3988 charam
1329 3955 1360 3989 nt

312 4013 359 4048 ter.
392 4000 429 4049 Sia
441 4017 459 4051 ι.
474 4004 510 4050 1⁹.
519 3999 619 4062 efferetur
635 4002 816 4050 mitisssimus.
849 4000 973 4049 &mun
998 4018 1049 4049 eum
1080 4002 1206 4066 Sugambro
1225 4005 1359 4053 suscitarent

313 4062 432 4113 Grnorio
451 4082 541 4129 quoque
574 4066 692 4129 probabilia
724 4066 817 4113 videtur
848 4066 935 4113 bellum.
969 4067 1090 4125 ulmum,
1116 4071 1238 4128 pmdutm
1264 4085 1293 4117 rr.
1325 4068 1359 4117 Et

312 4129 450 4177 maderio.
849 4131 930 4179 eodem
952 4131 1056 4181 allodum
1079 4146 1176 4194 quatuor
1197 4134 1237 4183 alii
1258 4133 1358 4192 mdieee,

345 4188 367 4221 ⁴⁶
385 4191 459 4250 (hm
473 4196 525 4257 erre]
539 4196 624 4260 Opera
635 4194 734 4258 pretium
756 4209 817 4252 esee,
848 4195 892 4256 ipsi
914 4195 1031 4243 Grorrovio
1059 4214 1129 4255 uuus
1158 4214 1218 4249 uuus
1241 4199 1357 4262 Hearnio,

313 4268 400 4302 noua.
412 4254 464 4303 vid.
476 4270 493 4303 ι.
504 4264 543 4307 tt.
848 4261 895 4307 duo
905 4263 968 4309 nobis
979 4263 1083 4324 inspecti.

346 4315 370 4354 ⁴⁶
386 4316 438 4365 Non
456 4334 562 4371 mmm
589 4323 738 4385 audientium]
775 4323 815 4370 Sic
877 4325 899 4361 ⁴⁷
918 4325 1011 4373 Pullion
1029 4326 1095 4383 liam
1114 4328 1182 4390 alsit]
1223 4323 1348 4375 &acesio

313 4383 443 4431 emendavit
475 4382 591 4432 Rubenius
615 4403 644 4433 er
672 4392 816 4450 canicorum,
845 4405 874 4437 er
895 4406 991 4451 persona
1012 4390 1185 4452 Ramnetum
1208 4391 1271 4457 quari
1290 4390 1355 4439 dice·

312 4460 432 4511 propterea
452 4448 511 4509 quod
531 4464 598 4508 ruprs
623 4452 706 4499 dicitur
730 4453 815 4499 Hanno
844 4466 880 4501 rer
906 4454 1004 4503 lisono:
1021 4457 1115 4504 federis
1137 4460 1198 4521 rupti
1220 4472 1245 4507 er
1267 4472 1354 4505 norm

310 4512 399 4559 adum
416 4520 592 4561 unotucauram
614 4515 705 4562 laederis
722 4520 812 4576 egissee
844 4533 868 4568 er
886 4534 978 4582 poenarn
999 4534 1045 4568 uon
1063 4522 1178 4585 publicam
1189 4538 1239 4572 esre
1252 4522 1354 4571 cmm·
