3092 5200
484 341 564 400 LlB.
578 339 664 400 xxt.
690 341 773 400 CAP.
785 341 899 400 xvut
1175 351 1215 406 2⁵

173 483 303 546 feliciter
324 484 467 562 eveniret,
500 485 583 568 quod
603 485 718 548 bellum
740 487 871 570 populus
894 485 1052 549 Romanus
1069 486 1221 570 jussisset.
1232 500 1374 552 meust.

174 569 258 632 Inter
281 571 420 632 consules
450 573 494 634 ita
519 573 614 656 copiae
638 573 748 634 dlvisae.
793 572 975 655 Sempronio
991 573 1070 634 datae
1085 565 1375 656 legionem&

175 655 252 734 duoe,
271 653 309 734 (⁷⁵
318 668 375 718 ca¹¹
390 671 540 739 quaterna
554 659 649 721 millia
664 671 752 721 erant
763 659 913 741 peditum,
925 671 958 722 et
968 661 1117 723 trecenti⁰
1133 663 1220 741 equi-

173 742 233 823 tes)
264 753 314 804 etp
337 745 488 807 sociorum
511 745 667 808 sexdecim
692 745 800 806 millia'
814 745 966 828 peditum,
991 748 1109 828 equites
1135 747 1220 808 mille

172 831 366 912 octingenti:
391 852 481 894 naves
503 830 602 914 longae
626 844 750 893 centum
771 833 941 912 sexaginta,
965 832 1084 894 celoces
1104 833 1221 894 duode-

175 917 248 978 cim.
293 915 372 978 Cum
387 917 435 979 his
451 919 642 980 terrestribus
657 918 877 998 maritimisque
892 919 988 1001 copiis
1009 916 1060 981 Ti.
1075 917 1220 1001 Sempro-

174 1005 243 1066 nius
259 1003 367 1065 missus
385 1004 418 1065 in
440 1002 596 1082 Sicilinm3
620 1006 664 1066 ita
684 1004 714 1066 in
730 1004 867 1067 Africam
882 1006 1120 1083 transmissurus,
1133 1005 1160 1067 si
1182 1005 1222 1067 ad

175 1090 341 1153 arcendum
365 1088 455 1152 Italia
470 1088 595 1152 Poenum
621 1091 725 1152 consul
749 1091 825 1152 alter
847 1091 921 1152 satis
943 1103 1032 1154 esset.
1078 1091 1222 1154 Cornelio

175 1177 277 1240 minus
301 1177 457 1259 copiarum
481 1177 599 1255 datum,
625 1177 697 1258 quia
719 1175 790 1238 ⁷⁴1.
815 1175 950 1239 Manlius
975 1190 1086 1259 praetor
1105 1190 1138 1240 et
1157 1178 1223 1260 ipse

175 1285 248 1326 cum
268 1265 350 1325 haud
374 1263 508 1325 Invalido
533 1263 672 1346 praesidio
694 1263 759 1324 ⁷⁵in
779 1261 911 1324 Galliam
927 1264 1113 1327 mittebatur.
1157 1262 1223 1325 Na-

175 1351 259 1412 vium
275 1351 409 1411 maxime
424 1349 568 1412 Cornelio
582 1371 724 1412 urrmerus
744 1349 928 1413 deminutus.
951 1350 1114 1432 sexaginta
1133 1351 1223 1432 quin-

177 1457 335 1520 queremes
348 1437 426 1498 datae
439 1435 642 1518 (nequeenim
653 1436 729 1498 mari
747 1447 918 1516 venturum,
933 1449 988 1498 aut
1004 1458 1041 1498 ea
1052 1449 1140 1520 parte
1151 1436 1223 1498 belli

178 1522 393 1584 dImicaturum
404 1522 523 1586 hostem
535 1521 713 1600 credebant)
728 1534 759 1584 ct
771 1522 838 1584 duae
849 1521 995 1585 Romana
1006 1523 1141 1604 legiones
1150 1542 1221 1584 cum

179 1631 236 1671 suo
248 1607 333 1690 justo
348 1609 495 1690 equitatu,
520 1620 552 1670 et
573 1608 799 1689 quatuordecim
821 1608 954 1670 millibus
969 1611 1121 1671 sociorum
1136 1608 1224 1692 pedi·

181 1701 262 1772 t'um,
275 1694 459 1774 llequitibus
478 1693 561 1754 mille
581 1694 762 1754 sexcentis&
806 1692 891 1754 Duas
906 1694 1043 1776 legiones
1057 1695 1225 1771 Romanas,

182 1793 216 1844 et
229 1780 353 1842 deccm¹
369 1778 464 1840 millia
478 1779 629 1840 sociorum
645 1779 793 1860 peditum,
809 1779 891 1840 mille
906 1782 1023 1860 equites
1033 1782 1143 1858 socios,
1154 1799 1225 1841 sex·

180 1877 287 1928 centos
297 1863 453 1926 Romanos
462 1861 562 1926 Gallia
572 1865 728 1948 provIncia
743 1867 769 1910 ⁷⁷
777 1864 885 1926 eodem
898 1885 978 1926 anno
989 1887 1075 1926 versa
1090 1866 1121 1926 in
1132 1863 1226 1926 Puni-

180 1971 251 2013 cum
268 1951 380 2011 bellum
395 1951 512 2012 habuit.

225 2035 343 2098 XVIII.
365 2035 424 2098 His
447 2036 492 2098 ita
517 2038 714 2118 comparatis,
738 2048 773 2098 ut
799 2036 904 2098 omnia
923 2034 1010 2115 justa
1028 2048 1100 2098 aute
1114 2037 1227 2098 bellum
1239 2041 1317 2103 ugni
1330 2044 1392 2121 nabi

180 2124 298 2202 fierent,
310 2123 425 2204 legatos
439 2120 570 2204 majores
585 2134 670 2202 natu,
682 2121 721 2194 Q.
731 2121 869 2198 Fabium,
878 2119 926 2183 M.
937 2119 1066 2200 Liuium,
1077 2121 1114 2183 1..
1123 2121 1227 2184 AEmi·
1239 2105 1362 2172 ΜΨ

182 2211 269 2288 lium,
283 2208 320 2271 C.
335 2207 497 2286 Licinium,
521 2209 559 2279 Q.
574 2205 721 2288 Baebium,
746 2209 778 2270 in
798 2208 936 2269 Africam
950 2208 1079 2269 mittunt
1096 2209 1136 2270 ad
1155 2187 1302 2291 per-m

183 2296 372 2359 cunctandos
396 2294 677 2378 Karthaginienses,
713 2295 874 2378 publicone
909 2294 1038 2355 consilio
1071 2291 1227 2356 Hannibal

184 2381 357 2466 Saguntum
383 2381 610 2464 obpugnassetl
636 2383 728 2458 etsi,
754 2381 786 2442 id
810 2379 893 2462 quod
912 2379 1023 2441 facturi
1037 2379 1228 2460 videbantur,

185 2469 363 2546 faterentur,
378 2489 415 2530 ac
430 2467 629 2530 defenderent
644 2467 766 2550 publico
775 2466 905 2529 consilio
914 2465 1041 2545 factum,
1055 2479 1091 2529 ut
1110 2467 1228 2529 indice-

183 2568 255 2619 rent
269 2553 383 2639 populo
397 2553 648 2637 Karthaginiensi
663 2553 788 2617 bellum.
832 2552 962 2615 Romani
974 2567 1137 2636 postquam
1148 2552 1229 2617 Kar·

185 2643 343 2723 thaginem
358 2652 515 2719 venerunt,
530 2661 622 2723 quum
644 2653 766 2703 senatus
786 2641 876 2703 datus
896 2651 986 2715 esset,
1005 2652 1037 2703 et
1057 2640 1097 2712 Q.
1118 2640 1230 2705 Fabius

184 2728 261 2790 nihil
276 2729 367 2806 ultra,
377 2748 467 2811 quam
488 2748 593 2806 unum,
608 2727 691 2809 quod
706 2728 885 2790 mandatum
908 2737 983 2804 erat,
1001 2746 1056 2809 per
1070 2738 1230 2789 cunctatus

184 2828 282 2894 esset3
306 2828 371 2877 tum
398 2836 436 2877 ex
457 2812 763 2896 Karthaginiensibus
789 2834 883 2876 unus:
907 2810 1099 2898 ‘⁷⁸Praecepa
1122 2824 1230 2893 vestra,

217 2936 230 2962 ¹
245 2930 346 2995 eaellup.
441 2939 453 2963 0
469 2930 550 2979 tmesi
563 2930 619 2977 Ead.
726 2928 834 2977 rotet.
847 2927 921 2976 Grou.
932 2926 1003 2978 Cres.
1103 2930 1233 2979 suaeuis

187 2994 264 3063 Gran.
455 3000 466 3027 ¹
480 2996 642 3057 qrmtuordecIm
653 2994 711 3044 Eat.

220 3090 243 3127 ⁷³
261 3088 296 3137 n·
322 3098 429 3152 quotenus
457 3092 530 3139 millio
550 3102 613 3140 eram
631 3095 693 3153 pedi·
726 3092 858 3155 repetitum
882 3091 943 3138 unde
967 3088 1097 3138 Gronovius
1119 3106 1170 3140 cam
1189 3091 1232 3140 de·

187 3152 249 3217 turs]
283 3154 432 3215 Intelligendr
458 3168 511 3203 sunt
544 3165 650 3217 quatem
670 3158 694 3203 ln
726 3157 770 3215 let,
786 3158 892 3203 eteadtrr
911 3167 987 3203 mutat
1001 3156 1026 3201 ln
1046 3157 1152 3203 nondun.
1173 3156 1233 3203 Gal·
1287 3206 1290 3211 ,

188 3219 291 3278 siugulss
319 3220 440 3281 legionen
457 3232 482 3267 ct
499 3219 583 3282 pariter
604 3222 696 3278 nusi,
729 3221 760 3267 lio
777 3220 890 3279 prasinis
910 3220 1008 3265 madan
1025 3234 1086 3267 uem
1107 3221 1133 3265 tn
1159 3218 1234 3267 Puni.

188 3284 295 3333 alcanica
306 3283 673 3346 mallemmrquitcrinslngulrs.
728 3300 780 3333 cam
811 3284 907 3330 ballum
933 3282 950 3330 i.
972 3297 995 3331 e.
1017 3295 1044 3330 ut
1065 3284 1159 3345 exponit
1185 3282 1233 3345 ips

223 3348 245 3387 ⁷⁴
264 3346 293 3396 L.
315 3348 420 3397 Manlius
446 3346 537 3410 prator]
585 3348 696 3397 Proetores
726 3348 871 3405 emendator,
895 3347 1025 3411 priusquam
1045 3362 1075 3394 eo
1093 3348 1234 3397 adducerent

188 3415 235 3462 hoc
251 3428 311 3460 anno
329 3414 433 3472 luerunt,
449 3424 476 3460 ut
498 3428 526 3461 er
545 3413 613 3460 variis
635 3413 694 3461 birli
726 3410 832 3461 consuler
852 3412 928 3474 copias
947 3428 1000 3459 suu
1023 3412 1132 3460 Annibali
1163 3430 1236 3477 oppo-

186 3479 243 3527 locu
254 3478 377 3541 colligitur,
392 3478 418 3525 1.
431 3476 533 3525 Manlius
552 3479 637 3533 Vulso.
656 3480 694 3527 M.
724 3477 961 3539 studeamusque»
984 3494 1011 3525 er
1026 3478 1128 3527 sedan
1139 3494 1233 3543 campus

189 3542 297 3591 Ennius
318 3543 426 3607 lapidus,
450 3541 480 3591 C.
501 3542 588 3591 Atilius
611 3544 692 3591 Scrra.
723 3543 808 3593 Punici
828 3542 881 3589 belli
895 3544 970 3591 fieret.

189 3624 244 3666 nus,
261 3607 291 3656 C.
301 3608 428 3657 Terentius
444 3607 528 3655 Varro.
559 3608 652 3657 Horum
664 3610 692 3657 L.
755 3608 779 3645 ⁷⁸
799 3606 896 3668 Preoepr
935 3616 1016 3666 cutm,
1054 3605 1159 3671 Romani,
1211 3617 1234 3657 et

190 3673 293 3722 Manlius
314 3674 424 3734 Galliam,
447 3672 485 3721 M.
508 3672 616 3722 AEmilius
634 3675 691 3723 sici·
723 3670 797 3733 prior]
817 3671 887 3720 Hanc
906 3672 1031 3721 lectionem
1049 3688 1078 3721 er
1097 3672 1233 3737 antiquiori-

188 3738 242 3787 IIam
264 3738 421 3787 obtinuerunt.
456 3738 485 3785 C.
512 3736 584 3786 Atilio
605 3740 694 3788 videtur
726 3738 768 3785 bus
788 3736 857 3785 editis
886 3750 911 3785 et
937 3737 1052 3786 veteribus
1083 3740 1174 3803 scripds
1193 3737 1233 3785 ad-

189 3804 263 3867 prime
286 3804 395 3863 obtigisse
417 3803 534 3866 peregrina
552 3806 695 3866 Junsrlrcuo,
725 3803 797 3850 struit
820 3800 965 3851 Gronovius:
992 3802 1103 3864 Dujstiur
1124 3803 1232 3852 admisit:

190 3868 284 3928 deinde,
302 3870 473 3930 ingravescente
502 3868 572 3929 bellu,
594 3868 696 3929 ligures.
726 3866 819 3914 firmant
837 3883 928 3930 quoque
944 3868 1017 3915 nostri
1036 3868 1101 3915 codd.
1135 3866 1235 3928 Praecrps

191 3934 359 3983 &Terentius
380 3933 490 3981 urbanam
510 3932 694 3996 jurisdictionem
727 3944 763 3981 est
782 3934 913 3993 temeraria,
945 3932 1118 3994 itmonsidrrrta,
1140 3947 1153 3979 a
1174 3947 1236 3994 prse-

190 3999 294 4059 aortltus,
321 4012 355 4056 ct,
369 4000 461 4047 absente
484 3996 565 4055 aritio,
592 3998 695 4064 peregri·
727 4011 825 4061 propero
849 4010 880 4045 et
895 3998 984 4044 fervido
1010 3997 1105 4046 consilio
1125 3998 1235 4061 prolecta.

189 4062 594 4191 ”ilffiiissiffiifflli‘
727 4062 1234 4176 httl.l.ltlt’‘..¹”1l⁰.t5l”.3

223 4191 246 4233 ²⁸
263 4192 379 4257 Equitum
401 4193 461 4241 mille
483 4209 517 4241 rer
542 4193 595 4260 rtis]
639 4193 696 4250 ch,
729 4210 781 4256 que
792 4205 929 4253 sequuntur,
950 4194 989 4239 he
1006 4206 1073 4239 rocos
1081 4192 1234 4241 remeatur

192 4272 217 4309 et
238 4260 305 4323 paulo
331 4261 388 4307 intra
409 4260 481 4308 dmm
501 4259 697 4319 ualliqvidmot.
728 4259 837 4335 ridentur
857 4257 958 4306 iudicare
979 4256 1062 4335 aliquid
1088 4258 1117 4305 de
1137 4256 1234 4334 leuitate

192 4328 344 4437 walbi..
363 4384 432 4453 ...1
459 4388 512 4437 v..
619 4402 695 4451 ...n
727 4322 1234 4449 ttffit”t.f”.t;.t¹t.3².'t¹tl¹.¹tt

194 4452 301 4504 iuMSS.
323 4468 399 4518 neque
415 4454 617 4519 lunatiquioribus
627 4455 696 4503 editIs
727 4454 772 4504 huc
790 4457 892 4517 aqrrrior.
909 4454 978 4503 'Hoc
1007 4453 1060 4502 loco
1085 4452 1171 4514 vulgati
1191 4450 1234 4501 ha-
