3092 5200
392 381 451 439 518
815 370 898 436 Tm
915 375 1018 437 LIVll

220 519 371 610 'stc-⁵48·
394 532 546 616 ‘usquam
577 553 680 596 eorum
706 533 803 596 scelus
829 535 969 617 expietis,
989 534 1141 617 nequeiu
1167 531 1271 612 ltalia,
1295 552 1402 616 neque
1415 534 1448 596 in

229 597 371 654 econ.
397 621 527 683 ‘Atrea
552 621 716 702 quidquam
743 622 786 682 rea
812 622 966 703 genesim
977 643 988 700 ;
1021 643 1071 700 ne,
1089 622 1169 705 quoa
1184 622 1339 706 praecum
1355 628 1449 684 com-

395 709 409 743 ’
422 709 579 786 miserunt,
593 729 655 770 non
670 729 725 770 suo
740 708 837 770 solum
853 709 1009 790 sanguiue,
1031 709 1085 769 sed
1104 711 1199 771 etiam
1214 709 1339 792 publice
1351 709 1449 771 clade

397 796 518 858 ‘luant
540 795 731 877 Quamquam
746 816 785 856 ne
798 815 880 856 nunc
895 795 1028 876 quidem,
1038 795 1142 858 Patres
1153 796 1333 878 conscripti,
1343 808 1400 858 aut
1413 796 1449 857 in

397 884 408 916 ‘
422 883 558 961 ducibus,
564 883 659 943 autin
669 883 814 945 militibus
821 883 928 943 vestris
936 894 1035 944 cessat
1044 883 1090 944 ira
1096 881 1180 945 Deae.
1194 883 1368 964 Aliquoties
1376 882 1448 964 jain

396 969 408 1004 ‘
420 969 500 1032 inter
514 991 546 1031 se
557 969 650 1050 signis
660 968 789 1030 conlatis
804 971 830 1009 ⁹⁶
836 981 1091 1031 concucurrerunt
1099 980 1123 1031 ⁷.
1132 970 1197 1031 dux
1204 970 1333 1032 alterius
1348 970 1449 1053 portis

395 1056 407 1090 ‘
421 1055 597 1134 Pleminius,
608 1056 730 1117 alterius
739 1056 801 1117 duo
809 1055 922 1118 tribuni
934 1056 1065 1118 militum
1074 1069 1177 1119 erant:
1188 1077 1254 1118 non
1263 1056 1366 1118 scrius
1374 1075 1449 1118 cum

394 1141 405 1177 ‘
421 1141 735 1226 Karthaginiensibus,
761 1161 853 1224 mam
875 1143 954 1204 inter
977 1163 1011 1204 se
1030 1145 1098 1227 ipsi,
1113 1144 1193 1206 ferro
1207 1143 1448 1205 dimicaverunt.

378 1229 405 1268 ·‘
419 1231 673 1313 prebuissentque
703 1229 895 1291 occasionem
922 1229 1022 1291 fiurore
1047 1251 1102 1292 suo
1128 1227 1243 1293 locros
1267 1227 1446 1314 recipiendi

390 1315 596 1395 ‘Hannibali
621 1315 653 1377 ni
678 1315 798 1378 sdcitus
823 1317 863 1378 ab
885 1317 973 1378 nobis
997 1314 1103 1400 Scipio
1118 1317 1337 1380 interuenisset.
1386 1317 1448 1394 At,
1509 1354 1510 1357 =

392 1401 562 1482 ‘Hercule‚
581 1402 692 1464 milites
715 1413 875 1466 contactos
894 1403 1053 1486 sacrilegio
1066 1403 1148 1466 furor
1161 1406 1279 1486 agitat:
1301 1405 1335 1465 in
1351 1403 1448 1465 ‹loei-
1509 1404 1510 1411 ’

343 1503 346 1512 ’
391 1489 472 1552 ‘bus
498 1491 571 1572 ipsis
596 1490 757 1572 puniendis
781 1490 896 1552 nullum
921 1490 995 1552 Deae
1012 1511 1130 1552 numen
1145 1490 1312 1574 adparuit?
1339 1489 1448 1552 Immo

389 1575 457 1638 ‘ibi
483 1597 613 1660 praesens
639 1577 772 1639 maxime
797 1577 864 1638 ruia
907 1573 1011 1660 Virgis
1035 1578 1103 1640 caesi
1128 1579 1243 1640 tribuni
1266 1578 1445 1658 ablegato

390 1663 401 1697 ‘
416 1675 495 1726 sunt.
540 1662 672 1745 laegatus
682 1663 799 1725 deinde
812 1662 929 1726 insidiis
943 1665 1132 1726 tribunorum
1147 1665 1350 1746 interceptus,
1365 1685 1444 1746 prae·

388 1749 553 1832 ‘torquem
568 1750 651 1831 quod
665 1761 734 1812 toto
757 1770 883 1832 corpore
895 1751 1053 1830 laceratus,
1068 1771 1144 1813 naso
1162 1771 1285 1834 quoque
1299 1752 1442 1812 anribtrs·

389 1836 400 1870 ‘
415 1855 474 1920 que
489 1837 609 1916 decisis,
624 1837 785 1919 exsanguis
800 1848 849 1899 est
862 1835 983 1899 relictus
1000 1860 1008 1898 ε
1041 1841 1068 1879 ⁹⁸
1083 1849 1235 1901 recreabis
1258 1837 1375 1899 deinde
1397 1838 1442 1899 le·

390 1923 401 1956 ‘
416 1933 506 2006 gatus
528 1945 566 1985 ex
586 1925 767 2002 mineribus,
790 1925 926 1986 tribunos
939 1924 1071 1987 militum
1086 1925 1118 1986 in
1131 1925 1254 1987 vincula
1266 1923 1444 2005 conjectos,

390 2011 401 2044 ‘
416 2012 487 2074 dein
498 2011 682 2090 verberatos,
694 2011 908 2092 servilibusque
921 2012 1061 2073 omnibus
1076 2014 1103 2058 ⁹⁷
1113 2012 1268 2095 suppliciis
1281 2013 1442 2074 cruciatos

389 2097 401 2132 ‘
415 2098 616 2161 trucidando⁸
630 2097 764 2176 occidit3
788 2109 922 2178 mortuos
934 2097 1043 2159 deinde
1052 2098 1206 2180 prohibuit
1212 2097 1346 2180 sepeliri.
1370 2097 1442 2159 Has

389 2181 482 2247 ‘Dea
497 2205 602 2267 poenas
617 2205 636 2246 a
650 2185 755 2268 templi
779 2185 824 2246 sui
847 2185 1059 2268 spoliatoribus
1074 2186 1186 2248 babet:
1209 2205 1267 2248 nec
1286 2197 1358 2246 nite
1378 2186 1443 2247 de·

389 2272 401 2306 ‘
415 2272 495 2334 sinet
505 2273 645 2334 omnibus
657 2293 710 2334 eos
725 2272 840 2354 agitare
853 2269 948 2350 iuriis,
959 2291 1049 2352 quam
1060 2273 1195 2354 reposita
1202 2292 1294 2334 secra
1304 2271 1444 2354 pemmia

390 2359 447 2419 ‘in
462 2359 611 2420 thesauris
626 2358 726 2420 fuerit.
770 2355 914 2439 Majores·
927 2359 1080 2439 quondam
1096 2360 1202 2436 nostri,
1216 2359 1301 2440 gravi
1321 2357 1440 2422 Croto·
1509 2356 1510 2359 ’

280 2501 284 2511 ,
389 2444 401 2478 ‘
415 2445 563 2506 niensium
579 2444 671 2523 bello,
685 2445 756 2526 quia
770 2456 858 2507 extra
871 2445 977 2506 urbem
989 2446 1138 2528 templum
1151 2458 1209 2524 est,
1223 2445 1394 2507 transferre
1408 2446 1440 2508 in

389 2530 400 2564 ‘
414 2532 519 2591 urbem
531 2551 598 2592 eam
610 2531 771 2613 pecuniam
782 2531 951 2593 voluerunt.-
962 2545 1057 2594 noctu
1069 2533 1173 2595 audite
1182 2553 1221 2595 ex
1234 2533 1367 2594 delubro
1377 2553 1438 2595 vox

389 2615 483 2695 ‘est,'
510 2616 697 2680 abstinerent
718 2636 852 2705 manust
884 2616 984 2680 Deam
1010 2606 1204 2704 sua‘tempta
1229 2620 1440 2683 defensuram.

387 2704 398 2737 ‘
414 2702 494 2774 Quia
506 2704 648 2765 movendi
659 2704 731 2766 inde
745 2704 903 2767 thesauros
917 2705 1039 2767 incussa
1058 2718 1123 2770 erat
1139 2707 1256 2790 religio,
1270 2723 1364 2769 muro
1377 2709 1438 2769 cir·

387 2790 399 2825 ‘
413 2790 556 2852 eumdare
570 2791 719 2873 templum
733 2791 903 2853 voluerunt.
915 2792 957 2853 ad
971 2793 1194 2875 ⁹⁸aliquantum
1207 2793 1274 2875 jam
1297 2794 1438 2856 donadi-

386 2877 461 2939 ‘nis
472 2876 605 2939 excitata
616 2889 703 2940 erant
717 2878 841 2956 moenie,
859 2898 951 2959 mum
970 2881 1070 2942 subito
1089 2882 1233 2965 conlapsa
1243 2881 1335 2942 ruina
1348 2894 1434 2944 sunt.

386 2965 399 2999 ‘
413 2962 475 3027 Sed
485 2976 516 3027 et
528 2984 620 3042 nunc,
631 2976 663 3028 et
682 2986 760 3048 saepe
780 2965 855 3026 alias
872 2964 941 3027 Dea
959 2986 1044 3028 suam
1059 2967 1173 3046 sedem,
1188 2987 1338 3049 mumque
1353 2980 1436 3031 tem·

376 3052 398 3096 -‘
412 3052 495 3135 plum
511 3064 564 3113 aut
580 3062 680 3114 tutata
691 3064 747 3132 est,
757 3063 819 3114 aut
833 3073 853 3113 a
862 3053 1060 3115 violatoribus
1070 3054 1174 3135 gravis
1183 3055 1308 3137 piacula
1317 3057 1434 3138 exegit.

388 3136 400 3173 ‘
414 3150 533 3201 nostras
545 3137 668 3220 injurias
681 3160 737 3201 nec
752 3150 866 3222 potest,
876 3160 933 3201 nec
945 3140 1043 3221 possit
1052 3141 1128 3202 alius
1138 3142 1255 3220 ulcisci,
1265 3160 1360 3222 qrrsm
1372 3164 1438 3221 vos,

346 3298 351 3313 ι
387 3223 518 3286 ‘Patres
529 3225 705 3308 conscripti.
747 3226 799 3287 Ad
811 3246 865 3287 vos
878 3238 1068 3311 vestramque
1082 3228 1175 3289 fidem
1189 3228 1344 3311 supplices
1358 3250 1437 3291 con·
1509 3250 1511 3253 ’

388 3312 399 3345 ‘
413 3310 555 3393 fugimus.
572 3312 648 3374 nihil
663 3322 767 3374 nostra
781 3312 918 3390 interest,
931 3324 1031 3375 utrum
1052 3317 1078 3355 ⁹⁰
1090 3316 1146 3376 sub
1161 3315 1215 3394 illo
1228 3316 1334 3395 legato
1340 3324 1368 3393 ⁸,
1379 3318 1437 3378 sub

421 3412 770 3462 ’memmattGronAErev-
873 3414 1434 3464 vmidoemeidmtrrurtmm

389 3474 465 3526 om.
719 3484 731 3511 ⁸
744 3477 1051 3542 norwagenorum.

392 3556 610 3607 sibicrediturinou
626 3559 682 3607 sint.
714 3556 835 3607 Rationem
854 3560 896 3621 igi.
926 3559 1030 3608 Mutnit
1046 3558 1183 3616 Gronovius,
1199 3559 1437 3625 qnietricerponit.

391 3624 556 3673 turreddimus
575 3639 617 3672 eur
632 3641 646 3671 a
662 3624 711 3671 viro
728 3625 857 3673 doctissimo
872 3627 897 3674 'et
927 3624 1052 3685 significat,
1063 3624 1199 3687 inquiam
1212 3626 1434 3683 amormuni

377 3689 532 3750 acutissimo,
549 3693 618 3738 etde
633 3688 691 3736 Livii
701 3704 769 3752 opere
779 3702 826 3739 tam
837 3691 896 3739 benc
926 3692 990 3738 omni
1006 3691 1100 3739 saevitiae
1115 3704 1198 3749 genere
1213 3693 1329 3739 umoris
1337 3694 1437 3742 artubus

393 3755 487 3811 merito,
496 3755 615 3804 dissentire
625 3769 738 3814 cogamur.
765 3760 768 3767 '
927 3756 1050 3818 discerptos
1068 3756 1160 3803 tandem
1185 3768 1285 3804 mutem
1309 3759 1437 3808 invasisse.

425 3820 447 3858 ⁹⁵
464 3818 638 3880 Conconmmt]
657 3819 696 3867 Sio
706 3818 799 3883 plurimi
808 3818 898 3883 scripti.-
927 3820 1055 3869 SicLivius
1066 3821 1125 3885 apud
1135 3820 1172 3868 Μ.
1183 3820 1305 3883 Sensum,
1323 3822 1435 3873 Suasoris

392 3886 476 3934 melius
494 3900 560 3947 quam
580 3885 646 3945 vulgo
665 3894 809 3934 cmeomrrt.
842 3884 897 3932 Pur.
925 3886 1031 3948 septime,
1056 3884 1174 3934 Ciceronis
1200 3888 1313 3935 incidite
1337 3890 1437 3937 urbm

393 3948 511 4001 berelae
524 3950 703 4013 Gronorio‚nos
721 3950 783 4000 enim
799 3950 898 4011 irrugit,
927 3952 991 4000 dicit.
1022 3950 1328 4001 EtVeler.Mm.l.1x.c.
1342 3956 1368 4003 2.
1402 3952 1435 4003 L.

392 4024 587 4081 mmmmm.
928 4016 1435 4081 mmmmignobffiseritionncidmda

425 4080 448 4121 5⁸
464 4078 583 4130 Reman
598 4082 675 4131 dantis
691 4078 786 4146 legente]
809 4079 897 4129 Vocem
927 4082 974 4129 Seu
985 4082 1017 4129 sic
1028 4098 1119 4145 qnoque
1127 4082 1296 4138 nonsidcmns,
1315 4084 1370 4144 quid
1389 4100 1435 4135 ne.

392 4158 394 4163 ·
458 4162 531 4196 emam
553 4146 640 4195 omittit
664 4146 796 4194 Victorinus
816 4147 896 4196 rodet.
913 4160 990 4197 ‘cene
998 4148 1185 4211 immarcnpts
1193 4146 1293 4195 lectione
1302 4150 1392 4197 rerem

391 4160 593 4275 massaritiae,
611 4223 638 4261 ut
649 4224 711 4261 recte
722 4212 825 4260 observet
836 4214 897 4260 Gro-
958 4213 981 4249 ⁹⁸
996 4213 1239 4275 Adalipu‘outmjm
1256 4214 1435 4262 mauma-

393 4282 483 4339 nonus,
508 4278 614 4340 legatum·
635 4278 772 4343 precedenti
793 4277 897 4326 membro
926 4279 995 4341 ᾁωῐα
1010 4286 1075 4325 ment
1090 4277 1180 4355 merda]
1202 4278 1341 4341 Complures
1352 4281 1434 4355 scripsi

393 4346 894 4471 'uitmtasanmme
924 4343 1217 4457 mmm*
1233 4356 1436 4408 imm*
1462 4376 1468 4384 ·

393 4473 438 4537 dit]
454 4474 537 4522 Omnis
555 4475 690 4537 scriptorum
712 4485 736 4521 et
754 4486 811 4523 vett.
822 4474 895 4523 edito·
957 4476 980 4510 ⁹⁹
995 4472 1041 4521 suo
1060 4471 1202 4537 ittotegrro]
1228 4473 1281 4523 Hes
1299 4490 1381 4537 voca,
1408 4476 1435 4525 ln

391 4552 547 4589 mmmmm:
558 4540 677 4589 incidam
686 4540 896 4592 memnonidas.
913 4537 1040 4605 plerisque
1050 4540 1120 4589 culitis
1128 4538 1420 4604 winmusterium!
