<?xml version="1.0" encoding="UTF-8"?>
<!DOCTYPE html PUBLIC "-//W3C//DTD XHTML 1.0 Transitional//EN"
    "http://www.w3.org/TR/xhtml1/DTD/xhtml1-transitional.dtd">
<html xmlns="http://www.w3.org/1999/xhtml" xml:lang="en" lang="en">
 <head>
  <title>
</title>
<meta http-equiv="Content-Type" content="text/html;charset=utf-8" />
  <meta name='ocr-system' content='tesseract 3.04.00' />
  <meta name='ocr-capabilities' content='ocr_page ocr_carea ocr_par ocr_line ocrx_word'/>
</head>
<body>
  <div class='ocr_page' id='page_1' title='image "./tliviipatavinih01grongoog_0512.png"; bbox 0 0 3092 5200; ppageno 0'>
   <div class='ocr_carea' id='block_1_1' title="bbox 261 323 1037 400">
    <p class='ocr_par' dir='ltr' id='par_1_1' title="bbox 261 323 1037 400">
     <span class='ocr_line' id='line_1_1' title="bbox 261 323 1037 400; baseline -0.005 -3"><span class='ocrx_word' id='word_1_1' title='bbox 261 323 263 330; x_wconf 57' lang='lat'><strong>⁴</strong></span> <span class='ocrx_word' id='word_1_2' title='bbox 359 343 418 400; x_wconf 79' lang='lat' dir='ltr'>aot</span> <span class='ocrx_word' id='word_1_3' title='bbox 785 329 867 394; x_wconf 77' lang='lat' dir='ltr'>utut</span> <span class='ocrx_word' id='word_1_4' title='bbox 886 328 986 394; x_wconf 79' lang='lat' dir='ltr'>Ltvu</span> <span class='ocrx_word' id='word_1_5' title='bbox 1035 348 1037 353; x_wconf 94' lang='lat'>·</span> 
     </span>
    </p>
   </div>
   <div class='ocr_carea' id='block_1_2' title="bbox 195 475 1415 666">
    <p class='ocr_par' dir='ltr' id='par_1_2' title="bbox 195 475 1415 666">
     <span class='ocr_line' id='line_1_2' title="bbox 195 475 1415 593; baseline -0.007 -31"><span class='ocrx_word' id='word_1_6' title='bbox 195 475 333 593; x_wconf 55' lang='lat' dir='ltr'>{lgm</span> <span class='ocrx_word' id='word_1_7' title='bbox 352 497 402 558; x_wconf 86' lang='lat' dir='ltr'>&#39;eo</span> <span class='ocrx_word' id='word_1_8' title='bbox 414 494 493 574; x_wconf 88' lang='lat' dir='ltr'>loco,</span> <span class='ocrx_word' id='word_1_9' title='bbox 508 491 588 558; x_wconf 85' lang='lat' dir='ltr'>unde</span> <span class='ocrx_word' id='word_1_10' title='bbox 604 503 797 572; x_wconf 77' lang='lat' dir='ltr'>convenerat,</span> <span class='ocrx_word' id='word_1_11' title='bbox 822 492 943 574; x_wconf 79' lang='lat' dir='ltr'>signum</span> <span class='ocrx_word' id='word_1_12' title='bbox 965 489 1075 592; x_wconf 68' lang='lat' dir='ltr'>dedere</span> <span class='ocrx_word' id='word_1_13' title='bbox 1090 490 1300 592; x_wconf 74' lang='lat' dir='ltr'>proditoribus</span> <span class='ocrx_word' id='word_1_14' title='bbox 1320 490 1415 554; x_wconf 84' lang='lat' dir='ltr'>arcis.</span> 
     </span>
     <span class='ocr_line' id='line_1_3' title="bbox 220 577 1414 666; baseline -0.01 -18"><span class='ocrx_word' id='word_1_15' title='bbox 220 577 226 594; x_wconf 68' lang='lat'>⁸</span> <span class='ocrx_word' id='word_1_16' title='bbox 261 577 268 594; x_wconf 78' lang='lat'><em>⁰</em></span> <span class='ocrx_word' id='word_1_17' title='bbox 365 583 415 666; x_wconf 94' lang='lat' dir='ltr'>qui</span> <span class='ocrx_word' id='word_1_18' title='bbox 431 580 530 664; x_wconf 81' lang='lat' dir='ltr'>parati</span> <span class='ocrx_word' id='word_1_19' title='bbox 552 582 733 662; x_wconf 82' lang='lat' dir='ltr'>intentique,</span> <span class='ocrx_word' id='word_1_20' title='bbox 753 595 786 642; x_wconf 87' lang='lat' dir='ltr'>et</span> <span class='ocrx_word' id='word_1_21' title='bbox 805 579 863 664; x_wconf 90' lang='lat' dir='ltr'>ipsi</span> <span class='ocrx_word' id='word_1_22' title='bbox 886 579 982 640; x_wconf 87' lang='lat' dir='ltr'>scalas</span> <span class='ocrx_word' id='word_1_23' title='bbox 1000 579 1041 640; x_wconf 86' lang='lat' dir='ltr'>ad</span> <span class='ocrx_word' id='word_1_24' title='bbox 1060 579 1094 640; x_wconf 82' lang='lat' dir='ltr'>td</span> <span class='ocrx_word' id='word_1_25' title='bbox 1107 599 1207 661; x_wconf 86' lang='lat' dir='ltr'>rpsum</span> <span class='ocrx_word' id='word_1_26' title='bbox 1220 578 1320 642; x_wconf 77' lang='lat' dir='ltr'>iactas</span> <span class='ocrx_word' id='word_1_27' title='bbox 1335 599 1414 641; x_wconf 86' lang='lat' dir='ltr'>cum</span> 
     </span>
    </p>
   </div>
   <div class='ocr_carea' id='block_1_3' title="bbox 279 547 335 598">
    <p class='ocr_par' dir='ltr' id='par_1_3' title="bbox 279 547 335 598">
     <span class='ocr_line' id='line_1_4' title="bbox 279 547 335 598; baseline 0 0"><span class='ocrx_word' id='word_1_28' title='bbox 279 547 335 598; x_wconf 79' lang='lat'><strong>205.</strong></span> 
     </span>
    </p>
   </div>
   <div class='ocr_carea' id='block_1_4' title="bbox 361 665 1415 3353">
    <p class='ocr_par' dir='ltr' id='par_1_4' title="bbox 364 665 1415 2378">
     <span class='ocr_line' id='line_1_5' title="bbox 367 665 1415 750; baseline 0 -19"><span class='ocrx_word' id='word_1_29' title='bbox 367 668 570 747; x_wconf 78' lang='lat' dir='ltr'>demisissent,</span> <span class='ocrx_word' id='word_1_30' title='bbox 594 667 786 750; x_wconf 85' lang='lat' dir='ltr'>pluribusque</span> <span class='ocrx_word' id='word_1_31' title='bbox 806 666 895 728; x_wconf 85' lang='lat' dir='ltr'>simul</span> <span class='ocrx_word' id='word_1_32' title='bbox 914 666 989 730; x_wconf 89' lang='lat' dir='ltr'>locis</span> <span class='ocrx_word' id='word_1_33' title='bbox 1010 665 1190 728; x_wconf 81' lang='lat' dir='ltr'>scandentes</span> <span class='ocrx_word' id='word_1_34' title='bbox 1204 667 1415 747; x_wconf 79' lang='lat' dir='ltr'>accepissent,</span> 
     </span>
     <span class='ocr_line' id='line_1_6' title="bbox 366 751 1415 839; baseline -0.001 -22"><span class='ocrx_word' id='word_1_35' title='bbox 366 755 540 839; x_wconf 84' lang='lat' dir='ltr'>priusquam</span> <span class='ocrx_word' id='word_1_36' title='bbox 564 754 680 816; x_wconf 80' lang='lat' dir='ltr'>clauror</span> <span class='ocrx_word' id='word_1_37' title='bbox 701 753 840 830; x_wconf 86' lang='lat' dir='ltr'>oriretur,</span> <span class='ocrx_word' id='word_1_38' title='bbox 865 752 898 814; x_wconf 91' lang='lat' dir='ltr'>in</span> <span class='ocrx_word' id='word_1_39' title='bbox 917 752 1023 834; x_wconf 82' lang='lat' dir='ltr'>vigiles</span> <span class='ocrx_word' id='word_1_40' title='bbox 1042 751 1213 830; x_wconf 87' lang='lat' dir='ltr'>Poenorum,</span> <span class='ocrx_word' id='word_1_41' title='bbox 1225 763 1263 814; x_wconf 85' lang='lat' dir='ltr'>ut</span> <span class='ocrx_word' id='word_1_42' title='bbox 1272 753 1307 814; x_wconf 84' lang='lat' dir='ltr'>in</span> <span class='ocrx_word' id='word_1_43' title='bbox 1320 752 1415 816; x_wconf 80' lang='lat' dir='ltr'>nullo</span> 
     </span>
     <span class='ocr_line' id='line_1_7' title="bbox 367 839 1414 924; baseline -0.005 -18"><span class='ocrx_word' id='word_1_44' title='bbox 367 841 421 906; x_wconf 77' lang='lat' dir='ltr'>tali</span> <span class='ocrx_word' id='word_1_45' title='bbox 436 851 529 921; x_wconf 87' lang='lat' dir='ltr'>metu,</span> <span class='ocrx_word' id='word_1_46' title='bbox 544 841 661 924; x_wconf 87' lang='lat' dir='ltr'>sopitos</span> <span class='ocrx_word' id='word_1_47' title='bbox 675 841 796 923; x_wconf 87' lang='lat' dir='ltr'>inpetus</span> <span class='ocrx_word' id='word_1_48' title='bbox 810 851 857 903; x_wconf 87' lang='lat' dir='ltr'>est</span> <span class='ocrx_word' id='word_1_49' title='bbox 876 839 984 904; x_wconf 71' lang='lat' dir='ltr'>factos.</span> <span class='ocrx_word' id='word_1_50' title='bbox 1005 859 1131 923; x_wconf 87' lang='lat' dir='ltr'>quorum</span> <span class='ocrx_word' id='word_1_51' title='bbox 1149 839 1281 920; x_wconf 81' lang='lat' dir='ltr'>gemitus</span> <span class='ocrx_word' id='word_1_52' title='bbox 1306 841 1414 922; x_wconf 84' lang='lat' dir='ltr'>primo</span> 
     </span>
     <span class='ocr_line' id='line_1_8' title="bbox 367 925 1414 1006; baseline -0.004 -14"><span class='ocrx_word' id='word_1_53' title='bbox 367 929 562 992; x_wconf 86' lang='lat' dir='ltr'>morientium</span> <span class='ocrx_word' id='word_1_54' title='bbox 587 927 746 990; x_wconf 74' lang='lat' dir='ltr'>exaudias</span> <span class='ocrx_word' id='word_1_55' title='bbox 755 949 766 1006; x_wconf 80' lang='lat'>3</span> <span class='ocrx_word' id='word_1_56' title='bbox 777 961 781 968; x_wconf 91' lang='lat'><em>·</em></span> <span class='ocrx_word' id='word_1_57' title='bbox 793 925 904 994; x_wconf 88' lang='lat' dir='ltr'>deinde</span> <span class='ocrx_word' id='word_1_58' title='bbox 925 927 1024 990; x_wconf 82' lang='lat' dir='ltr'>subita</span> <span class='ocrx_word' id='word_1_59' title='bbox 1044 925 1309 991; x_wconf 62' lang='lat' dir='ltr'>consternation</span> <span class='ocrx_word' id='word_1_60' title='bbox 1322 947 1414 988; x_wconf 78' lang='lat' dir='ltr'>som·</span> 
     </span>
     <span class='ocr_line' id='line_1_9' title="bbox 366 1013 1413 1096; baseline -0.005 -15"><span class='ocrx_word' id='word_1_61' title='bbox 366 1037 407 1084; x_wconf 89' lang='lat' dir='ltr'>no</span> <span class='ocrx_word' id='word_1_62' title='bbox 421 1027 454 1078; x_wconf 85' lang='lat' dir='ltr'>at</span> <span class='ocrx_word' id='word_1_63' title='bbox 467 1016 625 1093; x_wconf 88' lang='lat' dir='ltr'>turnultus,</span> <span class='ocrx_word' id='word_1_64' title='bbox 646 1033 739 1096; x_wconf 89' lang='lat' dir='ltr'>quum</span> <span class='ocrx_word' id='word_1_65' title='bbox 761 1033 869 1076; x_wconf 80' lang='lat' dir='ltr'>caussa</span> <span class='ocrx_word' id='word_1_66' title='bbox 888 1013 1096 1095; x_wconf 81' lang='lat' dir='ltr'>ignorarentr3</span> <span class='ocrx_word' id='word_1_67' title='bbox 1123 1024 1278 1095; x_wconf 88' lang='lat' dir='ltr'>postremo</span> <span class='ocrx_word' id='word_1_68' title='bbox 1291 1013 1413 1076; x_wconf 83' lang='lat' dir='ltr'>certior</span> 
     </span>
     <span class='ocr_line' id='line_1_10' title="bbox 367 1097 1413 1184; baseline -0.004 -20"><span class='ocrx_word' id='word_1_69' title='bbox 367 1124 424 1181; x_wconf 89' lang='lat' dir='ltr'>res,</span> <span class='ocrx_word' id='word_1_70' title='bbox 440 1103 507 1169; x_wconf 87' lang='lat' dir='ltr'>aliis</span> <span class='ocrx_word' id='word_1_71' title='bbox 522 1102 726 1165; x_wconf 81' lang='lat' dir='ltr'>excitantibus</span> <span class='ocrx_word' id='word_1_72' title='bbox 741 1100 827 1162; x_wconf 89' lang='lat' dir='ltr'>alios.</span> <span class='ocrx_word' id='word_1_73' title='bbox 833 1099 962 1182; x_wconf 85' lang='lat' dir='ltr'>jamque</span> <span class='ocrx_word' id='word_1_74' title='bbox 976 1099 1041 1161; x_wconf 87' lang='lat' dir='ltr'>‘ad</span> <span class='ocrx_word' id='word_1_75' title='bbox 1055 1097 1148 1161; x_wconf 89' lang='lat' dir='ltr'>arma&#39;</span> <span class='ocrx_word' id='word_1_76' title='bbox 1163 1120 1219 1182; x_wconf 88' lang='lat' dir='ltr'>pro</span> <span class='ocrx_word' id='word_1_77' title='bbox 1230 1100 1413 1184; x_wconf 80' lang='lat' dir='ltr'>aequisque</span> 
     </span>
     <span class='ocr_line' id='line_1_11' title="bbox 365 1185 1413 1269; baseline -0.001 -20"><span class='ocrx_word' id='word_1_78' title='bbox 365 1191 512 1252; x_wconf 83' lang='lat' dir='ltr'>vocabat:</span> <span class='ocrx_word' id='word_1_79' title='bbox 540 1189 670 1252; x_wconf 87' lang='lat' dir='ltr'>‘hostes</span> <span class='ocrx_word' id='word_1_80' title='bbox 686 1189 718 1250; x_wconf 94' lang='lat' dir='ltr'>in</span> <span class='ocrx_word' id='word_1_81' title='bbox 739 1207 809 1249; x_wconf 87' lang='lat' dir='ltr'>arce</span> <span class='ocrx_word' id='word_1_82' title='bbox 829 1207 906 1264; x_wconf 87' lang='lat' dir='ltr'>esse,</span> <span class='ocrx_word' id='word_1_83' title='bbox 925 1196 958 1248; x_wconf 89' lang='lat' dir='ltr'>et</span> <span class='ocrx_word' id='word_1_84' title='bbox 970 1186 1049 1249; x_wconf 71' lang='lat' dir='ltr'>cadi</span> <span class='ocrx_word' id='word_1_85' title='bbox 1062 1185 1189 1268; x_wconf 65' lang='lat' dir='ltr'>vigiles!</span> <span class='ocrx_word' id='word_1_86' title='bbox 1211 1187 1413 1269; x_wconf 76' lang='lat' dir='ltr'>obpressiqtse</span> 
     </span>
     <span class='ocr_line' id='line_1_12' title="bbox 366 1272 1411 1356; baseline -0.003 -19"><span class='ocrx_word' id='word_1_87' title='bbox 366 1275 467 1340; x_wconf 82' lang='lat' dir='ltr'>forent</span> <span class='ocrx_word' id='word_1_88' title='bbox 483 1274 624 1354; x_wconf 85' lang='lat' dir='ltr'>Romani,</span> <span class='ocrx_word' id='word_1_89' title='bbox 644 1293 834 1356; x_wconf 84' lang='lat' dir='ltr'>nequaquam</span> <span class='ocrx_word' id='word_1_90' title='bbox 854 1293 980 1335; x_wconf 88' lang='lat' dir='ltr'>numero</span> <span class='ocrx_word' id='word_1_91' title='bbox 1001 1293 1100 1355; x_wconf 88' lang='lat' dir='ltr'>pares,</span> <span class='ocrx_word' id='word_1_92' title='bbox 1120 1274 1191 1334; x_wconf 74' lang='lat' dir='ltr'>&#39;‘ni</span> <span class='ocrx_word' id='word_1_93' title='bbox 1213 1272 1333 1350; x_wconf 83' lang='lat' dir='ltr'>clamor,</span> <span class='ocrx_word' id='word_1_94' title='bbox 1359 1274 1411 1334; x_wconf 82' lang='lat' dir='ltr'>ab</span> 
     </span>
     <span class='ocr_line' id='line_1_13' title="bbox 366 1359 1412 1445; baseline 0 -23"><span class='ocrx_word' id='word_1_95' title='bbox 366 1363 415 1443; x_wconf 88' lang='lat' dir='ltr'>iis,</span> <span class='ocrx_word' id='word_1_96' title='bbox 429 1363 480 1445; x_wconf 93' lang='lat' dir='ltr'>qui</span> <span class='ocrx_word' id='word_1_97' title='bbox 495 1373 581 1424; x_wconf 87' lang='lat' dir='ltr'>extra</span> <span class='ocrx_word' id='word_1_98' title='bbox 595 1382 696 1424; x_wconf 86' lang='lat' dir='ltr'>arcem</span> <span class='ocrx_word' id='word_1_99' title='bbox 711 1371 809 1437; x_wconf 86' lang='lat' dir='ltr'>erant,</span> <span class='ocrx_word' id='word_1_100' title='bbox 823 1359 969 1438; x_wconf 84' lang='lat' dir='ltr'>sublatus,</span> <span class='ocrx_word' id='word_1_101' title='bbox 983 1359 1154 1435; x_wconf 29' lang='lat' dir='ltr'>lipsanum,</span> <span class='ocrx_word' id='word_1_102' title='bbox 1171 1359 1252 1421; x_wconf 86' lang='lat' dir='ltr'>unde</span> <span class='ocrx_word' id='word_1_103' title='bbox 1272 1359 1412 1422; x_wconf 65' lang='lat' dir='ltr'>mitis-</span> 
     </span>
     <span class='ocr_line' id='line_1_14' title="bbox 365 1439 1412 1530; baseline -0.003 -19"><span class='ocrx_word' id='word_1_104' title='bbox 365 1459 422 1528; x_wconf 86' lang='lat' dir='ltr'>set,</span> <span class='ocrx_word' id='word_1_105' title='bbox 441 1449 556 1530; x_wconf 86' lang='lat' dir='ltr'>(omnia</span> <span class='ocrx_word' id='word_1_106' title='bbox 577 1439 660 1510; x_wconf 79' lang='lat' dir='ltr'>vana</span> <span class='ocrx_word' id='word_1_107' title='bbox 678 1455 809 1528; x_wconf 83' lang='lat' dir='ltr'>augente</span> <span class='ocrx_word' id='word_1_108' title='bbox 831 1457 982 1511; x_wconf 87' lang='lat' dir='ltr'>nocturno</span> <span class='ocrx_word' id='word_1_109' title='bbox 1004 1444 1294 1526; x_wconf 77' lang='lat' dir='ltr'>tumultu).lecisset.</span> <span class='ocrx_word' id='word_1_110' title='bbox 1337 1445 1412 1508; x_wconf 79' lang='lat' dir='ltr'>lta·</span> 
     </span>
     <span class='ocr_line' id='line_1_15' title="bbox 365 1531 1409 1618; baseline -0.003 -20"><span class='ocrx_word' id='word_1_111' title='bbox 365 1551 424 1618; x_wconf 88' lang='lat' dir='ltr'>que</span> <span class='ocrx_word' id='word_1_112' title='bbox 438 1535 522 1600; x_wconf 90' lang='lat' dir='ltr'>velut</span> <span class='ocrx_word' id='word_1_113' title='bbox 534 1535 627 1618; x_wconf 86' lang='lat' dir='ltr'>plena</span> <span class='ocrx_word' id='word_1_114' title='bbox 636 1532 703 1615; x_wconf 88' lang='lat' dir='ltr'>jam</span> <span class='ocrx_word' id='word_1_115' title='bbox 723 1533 857 1596; x_wconf 87' lang='lat' dir='ltr'>hostium</span> <span class='ocrx_word' id='word_1_116' title='bbox 879 1553 948 1595; x_wconf 83' lang='lat' dir='ltr'>arce</span> <span class='ocrx_word' id='word_1_117' title='bbox 968 1532 1064 1596; x_wconf 89' lang='lat' dir='ltr'>territi</span> <span class='ocrx_word' id='word_1_118' title='bbox 1087 1531 1182 1610; x_wconf 87' lang='lat' dir='ltr'>Poeni,</span> <span class='ocrx_word' id='word_1_119' title='bbox 1208 1533 1323 1604; x_wconf 84' lang='lat' dir='ltr'>omisso</span> <span class='ocrx_word' id='word_1_120' title='bbox 1337 1554 1409 1595; x_wconf 83' lang='lat' dir='ltr'>oer-</span> 
     </span>
     <span class='ocr_line' id='line_1_16' title="bbox 365 1618 1409 1700; baseline -0.004 -15"><span class='ocrx_word' id='word_1_121' title='bbox 365 1623 490 1700; x_wconf 87' lang='lat' dir='ltr'>tamine,</span> <span class='ocrx_word' id='word_1_122' title='bbox 506 1623 537 1684; x_wconf 89' lang='lat' dir='ltr'>in</span> <span class='ocrx_word' id='word_1_123' title='bbox 552 1621 678 1682; x_wconf 89' lang='lat' dir='ltr'>alteram</span> <span class='ocrx_word' id='word_1_124' title='bbox 693 1640 795 1682; x_wconf 86' lang='lat' dir='ltr'>arcem</span> <span class='ocrx_word' id='word_1_125' title='bbox 819 1618 898 1698; x_wconf 78' lang='lat' dir='ltr'>(due</span> <span class='ocrx_word' id='word_1_126' title='bbox 919 1631 991 1682; x_wconf 87' lang='lat' dir='ltr'>sunt</span> <span class='ocrx_word' id='word_1_127' title='bbox 1012 1619 1094 1686; x_wconf 87' lang='lat' dir='ltr'>haud</span> <span class='ocrx_word' id='word_1_128' title='bbox 1116 1619 1245 1683; x_wconf 81' lang='lat' dir='ltr'>mulbua</span> <span class='ocrx_word' id='word_1_129' title='bbox 1268 1619 1350 1682; x_wconf 82' lang='lat' dir='ltr'>inter</span> <span class='ocrx_word' id='word_1_130' title='bbox 1364 1641 1409 1682; x_wconf 82' lang='lat' dir='ltr'>se</span> 
     </span>
     <span class='ocr_line' id='line_1_17' title="bbox 365 1704 1410 1790; baseline -0.004 -19"><span class='ocrx_word' id='word_1_131' title='bbox 365 1707 526 1788; x_wconf 87' lang='lat' dir='ltr'>distantes)</span> <span class='ocrx_word' id='word_1_132' title='bbox 554 1707 741 1789; x_wconf 82' lang='lat' dir='ltr'>confugiunt.</span> <span class='ocrx_word' id='word_1_133' title='bbox 785 1704 940 1790; x_wconf 85' lang='lat' dir='ltr'>Oppidani</span> <span class='ocrx_word' id='word_1_134' title='bbox 961 1706 1068 1773; x_wconf 84' lang='lat' dir='ltr'>urbem</span> <span class='ocrx_word' id='word_1_135' title='bbox 1092 1706 1256 1783; x_wconf 82' lang='lat' dir='ltr'>habebunt,</span> <span class='ocrx_word' id='word_1_136' title='bbox 1278 1706 1410 1768; x_wconf 82' lang='lat' dir='ltr'>victori-</span> 
     </span>
     <span class='ocr_line' id='line_1_18' title="bbox 365 1791 1410 1878; baseline -0.002 -20"><span class='ocrx_word' id='word_1_137' title='bbox 365 1796 421 1858; x_wconf 86' lang='lat' dir='ltr'>bus</span> <span class='ocrx_word' id='word_1_138' title='bbox 436 1794 591 1878; x_wconf 82' lang='lat' dir='ltr'>praemium</span> <span class='ocrx_word' id='word_1_139' title='bbox 610 1794 643 1855; x_wconf 93' lang='lat' dir='ltr'>in</span> <span class='ocrx_word' id='word_1_140' title='bbox 663 1792 765 1854; x_wconf 87' lang='lat' dir='ltr'>medio</span> <span class='ocrx_word' id='word_1_141' title='bbox 787 1792 931 1874; x_wconf 88' lang='lat' dir='ltr'>positam.</span> <span class='ocrx_word' id='word_1_142' title='bbox 972 1791 1022 1856; x_wconf 85' lang='lat' dir='ltr'>Ex</span> <span class='ocrx_word' id='word_1_143' title='bbox 1043 1793 1159 1863; x_wconf 87' lang='lat' dir='ltr'>arcibus</span> <span class='ocrx_word' id='word_1_144' title='bbox 1181 1793 1297 1862; x_wconf 76' lang='lat' dir='ltr'>ditabus</span> <span class='ocrx_word' id='word_1_145' title='bbox 1322 1814 1410 1876; x_wconf 78' lang='lat' dir='ltr'>proe·</span> 
     </span>
     <span class='ocr_line' id='line_1_19' title="bbox 365 1877 1410 1966; baseline 0 -24"><span class='ocrx_word' id='word_1_146' title='bbox 365 1882 427 1944; x_wconf 86' lang='lat' dir='ltr'>liis.</span> <span class='ocrx_word' id='word_1_147' title='bbox 442 1881 577 1966; x_wconf 86' lang='lat' dir='ltr'>quotidie</span> <span class='ocrx_word' id='word_1_148' title='bbox 601 1878 719 1942; x_wconf 86' lang='lat' dir='ltr'>levibus</span> <span class='ocrx_word' id='word_1_149' title='bbox 743 1879 937 1942; x_wconf 78' lang='lat' dir='ltr'>:certabamn</span> <span class='ocrx_word' id='word_1_150' title='bbox 986 1878 1027 1950; x_wconf 88' lang='lat' dir='ltr'>Q.</span> <span class='ocrx_word' id='word_1_151' title='bbox 1056 1877 1219 1946; x_wconf 80' lang='lat' dir='ltr'>Pleminius</span> <span class='ocrx_word' id='word_1_152' title='bbox 1247 1878 1410 1958; x_wconf 88' lang='lat' dir='ltr'>Romano,</span> 
     </span>
     <span class='ocr_line' id='line_1_20' title="bbox 365 1965 1410 2050; baseline -0.002 -20"><span class='ocrx_word' id='word_1_153' title='bbox 365 1967 524 2030; x_wconf 81' lang='lat' dir='ltr'>Hamilcar</span> <span class='ocrx_word' id='word_1_154' title='bbox 540 1965 653 2030; x_wconf 87' lang='lat' dir='ltr'>Punico</span> <span class='ocrx_word' id='word_1_155' title='bbox 668 1965 807 2050; x_wconf 77' lang='lat' dir='ltr'>praesidio</span> <span class='ocrx_word' id='word_1_156' title='bbox 821 1977 966 2048; x_wconf 76' lang='lat' dir='ltr'>praerat:</span> <span class='ocrx_word' id='word_1_157' title='bbox 991 1975 1198 2029; x_wconf 68' lang='lat' dir='ltr'>arcessentes‘</span> <span class='ocrx_word' id='word_1_158' title='bbox 1221 1985 1261 2028; x_wconf 86' lang='lat' dir='ltr'>ex</span> <span class='ocrx_word' id='word_1_159' title='bbox 1274 1969 1410 2049; x_wconf 88' lang='lat' dir='ltr'>propin·</span> 
     </span>
     <span class='ocr_line' id='line_1_21' title="bbox 1121 2055 1411 2204; baseline 0 0"><span class='ocrx_word' id='word_1_160' title='bbox 1121 2055 1411 2204; x_wconf 61' lang='lat' dir='ltr'>nemu</span> 
     </span>
     <span class='ocr_line' id='line_1_22' title="bbox 603 2185 1096 2216; baseline -0.002 1"><span class='ocrx_word' id='word_1_161' title='bbox 603 2187 611 2202; x_wconf 90' lang='lat'><strong>·</strong></span> <span class='ocrx_word' id='word_1_162' title='bbox 1086 2185 1096 2216; x_wconf 81' lang='lat' dir='ltr'>s</span> 
     </span>
     <span class='ocr_line' id='line_1_23' title="bbox 365 2224 1412 2310; baseline -0.003 -20"><span class='ocrx_word' id='word_1_163' title='bbox 365 2229 539 2306; x_wconf 89' lang='lat' dir='ltr'>multitudo,</span> <span class='ocrx_word' id='word_1_164' title='bbox 568 2228 750 2292; x_wconf 83' lang='lat' dir='ltr'>exacerbata</span> <span class='ocrx_word' id='word_1_165' title='bbox 787 2226 926 2310; x_wconf 84' lang='lat' dir='ltr'>superbia</span> <span class='ocrx_word' id='word_1_166' title='bbox 959 2237 1049 2308; x_wconf 87' lang='lat' dir='ltr'>atque</span> <span class='ocrx_word' id='word_1_167' title='bbox 1064 2226 1203 2292; x_wconf 67' lang='lat' dir='ltr'>aradus</span> <span class='ocrx_word' id='word_1_168' title='bbox 1225 2224 1412 2305; x_wconf 62' lang='lat' dir='ltr'>,Pauoruuq</span> 
     </span>
     <span class='ocr_line' id='line_1_24' title="bbox 365 2314 773 2378; baseline 0 -2"><span class='ocrx_word' id='word_1_169' title='bbox 365 2316 404 2376; x_wconf 87' lang='lat' dir='ltr'>ad</span> <span class='ocrx_word' id='word_1_170' title='bbox 419 2315 575 2378; x_wconf 87' lang='lat' dir='ltr'>Romanos</span> <span class='ocrx_word' id='word_1_171' title='bbox 591 2314 773 2377; x_wconf 85' lang='lat' dir='ltr'>inclinasset.</span> 
     </span>
    </p>

    <p class='ocr_par' dir='ltr' id='par_1_5' title="bbox 361 2398 1412 3353">
     <span class='ocr_line' id='line_1_25' title="bbox 407 2398 1411 2492; baseline 0.003 -31"><span class='ocrx_word' id='word_1_172' title='bbox 407 2399 478 2462; x_wconf 76' lang='lat' dir='ltr'>Vll</span> <span class='ocrx_word' id='word_1_173' title='bbox 501 2399 639 2492; x_wconf 73' lang='lat' dir='ltr'>Sqipioni</span> <span class='ocrx_word' id='word_1_174' title='bbox 653 2412 688 2463; x_wconf 91' lang='lat' dir='ltr'>ut</span> <span class='ocrx_word' id='word_1_175' title='bbox 702 2400 879 2464; x_wconf 89' lang='lat' dir='ltr'>nunciatum</span> <span class='ocrx_word' id='word_1_176' title='bbox 894 2411 951 2477; x_wconf 87' lang='lat' dir='ltr'>est,</span> <span class='ocrx_word' id='word_1_177' title='bbox 967 2399 997 2461; x_wconf 86' lang='lat' dir='ltr'>in</span> <span class='ocrx_word' id='word_1_178' title='bbox 1013 2398 1127 2482; x_wconf 83' lang='lat' dir='ltr'>majore</span> <span class='ocrx_word' id='word_1_179' title='bbox 1147 2399 1322 2463; x_wconf 82' lang='lat' dir='ltr'>discrimine</span> <span class='ocrx_word' id='word_1_180' title='bbox 1344 2400 1411 2464; x_wconf 65' lang='lat' dir='ltr'>lo-</span> 
     </span>
     <span class='ocr_line' id='line_1_26' title="bbox 364 2485 1410 2570; baseline 0.003 -21"><span class='ocrx_word' id='word_1_181' title='bbox 364 2487 423 2550; x_wconf 87' lang='lat' dir='ltr'>cris</span> <span class='ocrx_word' id='word_1_182' title='bbox 445 2508 510 2549; x_wconf 85' lang='lat' dir='ltr'>ram</span> <span class='ocrx_word' id='word_1_183' title='bbox 529 2487 615 2566; x_wconf 82' lang='lat' dir='ltr'>verti,</span> <span class='ocrx_word' id='word_1_184' title='bbox 636 2488 794 2569; x_wconf 88' lang='lat' dir='ltr'>ipsumque</span> <span class='ocrx_word' id='word_1_185' title='bbox 817 2485 1230 2564; x_wconf 76' lang='lat' dir='ltr'>Hannibalemodueutare3·</span> <span class='ocrx_word' id='word_1_186' title='bbox 1242 2508 1283 2550; x_wconf 88' lang='lat' dir='ltr'>ue</span> <span class='ocrx_word' id='word_1_187' title='bbox 1301 2490 1410 2570; x_wconf 69' lang='lat' dir='ltr'>prasi-</span> 
     </span>
     <span class='ocr_line' id='line_1_27' title="bbox 365 2572 1412 2659; baseline 0.001 -22"><span class='ocrx_word' id='word_1_188' title='bbox 365 2575 448 2637; x_wconf 88' lang='lat' dir='ltr'>dium</span> <span class='ocrx_word' id='word_1_189' title='bbox 464 2574 557 2637; x_wconf 89' lang='lat' dir='ltr'>etiam</span> <span class='ocrx_word' id='word_1_190' title='bbox 579 2573 809 2657; x_wconf 84' lang='lat' dir='ltr'>periclitaretur,</span> <span class='ocrx_word' id='word_1_191' title='bbox 834 2572 916 2637; x_wconf 89' lang='lat' dir='ltr'>haud</span> <span class='ocrx_word' id='word_1_192' title='bbox 939 2573 1020 2639; x_wconf 82' lang='lat' dir='ltr'>facili</span> <span class='ocrx_word' id='word_1_193' title='bbox 1042 2573 1114 2641; x_wconf 89' lang='lat' dir='ltr'>inde</span> <span class='ocrx_word' id='word_1_194' title='bbox 1134 2584 1267 2657; x_wconf 85' lang='lat' dir='ltr'>receptu,</span> <span class='ocrx_word' id='word_1_195' title='bbox 1285 2586 1319 2638; x_wconf 86' lang='lat' dir='ltr'>et</span> <span class='ocrx_word' id='word_1_196' title='bbox 1341 2576 1412 2659; x_wconf 81' lang='lat' dir='ltr'>ipse</span> 
     </span>
     <span class='ocr_line' id='line_1_28' title="bbox 364 2656 1412 2744; baseline -0.001 -21"><span class='ocrx_word' id='word_1_197' title='bbox 364 2682 384 2723; x_wconf 89' lang='lat' dir='ltr'>a</span> <span class='ocrx_word' id='word_1_198' title='bbox 412 2658 575 2738; x_wconf 85' lang='lat' dir='ltr'>Messana,</span> <span class='ocrx_word' id='word_1_199' title='bbox 597 2656 632 2723; x_wconf 86' lang='lat' dir='ltr'>L.</span> <span class='ocrx_word' id='word_1_200' title='bbox 658 2658 804 2743; x_wconf 90' lang='lat' dir='ltr'>Scipione</span> <span class='ocrx_word' id='word_1_201' title='bbox 841 2660 934 2724; x_wconf 82' lang='lat' dir='ltr'>fratre</span> <span class='ocrx_word' id='word_1_202' title='bbox 953 2662 1003 2723; x_wconf 86' lang='lat' dir='ltr'>in</span> <span class='ocrx_word' id='word_1_203' title='bbox 1032 2661 1170 2744; x_wconf 78' lang='lat' dir='ltr'>prasidio</span> <span class='ocrx_word' id='word_1_204' title='bbox 1195 2662 1246 2729; x_wconf 76' lang='lat' dir='ltr'>‚ibi</span> <span class='ocrx_word' id='word_1_205' title='bbox 1287 2662 1412 2742; x_wconf 72' lang='lat' dir='ltr'>rdietn,</span> 
     </span>
     <span class='ocr_line' id='line_1_29' title="bbox 363 2747 1409 2831; baseline 0.005 -22"><span class='ocrx_word' id='word_1_206' title='bbox 363 2750 390 2795; x_wconf 81' lang='lat'>²⁷</span> <span class='ocrx_word' id='word_1_207' title='bbox 403 2768 496 2829; x_wconf 89' lang='lat' dir='ltr'>quum</span> <span class='ocrx_word' id='word_1_208' title='bbox 515 2748 646 2831; x_wconf 89' lang='lat' dir='ltr'>primum</span> <span class='ocrx_word' id='word_1_209' title='bbox 669 2758 744 2809; x_wconf 84' lang='lat' dir='ltr'>aestu</span> <span class='ocrx_word' id='word_1_210' title='bbox 765 2747 875 2809; x_wconf 83' lang='lat' dir='ltr'>fretum</span> <span class='ocrx_word' id='word_1_211' title='bbox 896 2748 1075 2812; x_wconf 86' lang='lat' dir='ltr'>inclinatum</span> <span class='ocrx_word' id='word_1_212' title='bbox 1087 2761 1153 2826; x_wconf 77' lang='lat' dir='ltr'>cst,</span> <span class='ocrx_word' id='word_1_213' title='bbox 1177 2748 1312 2814; x_wconf 65' lang='lat' dir='ltr'>”naves</span> <span class='ocrx_word' id='word_1_214' title='bbox 1327 2752 1409 2814; x_wconf 86' lang='lat' dir='ltr'>mari</span> 
     </span>
     <span class='ocr_line' id='line_1_30' title="bbox 363 2831 1408 2918; baseline 0.005 -24"><span class='ocrx_word' id='word_1_215' title='bbox 363 2833 498 2897; x_wconf 88' lang='lat' dir='ltr'>secundo</span> <span class='ocrx_word' id='word_1_216' title='bbox 507 2834 602 2899; x_wconf 88' lang='lat' dir='ltr'>misit.</span> <span class='ocrx_word' id='word_1_217' title='bbox 645 2832 687 2895; x_wconf 87' lang='lat' dir='ltr'>Et</span> <span class='ocrx_word' id='word_1_218' title='bbox 701 2831 910 2912; x_wconf 73' lang='lat' dir='ltr'>Hannibal,‘²⁹</span> <span class='ocrx_word' id='word_1_219' title='bbox 920 2832 1081 2898; x_wconf 83' lang='lat' dir='ltr'>aButroto</span> <span class='ocrx_word' id='word_1_220' title='bbox 1091 2834 1174 2899; x_wconf 83' lang='lat' dir='ltr'>amni</span> <span class='ocrx_word' id='word_1_221' title='bbox 1189 2834 1286 2914; x_wconf 87' lang='lat' dir='ltr'>(haud</span> <span class='ocrx_word' id='word_1_222' title='bbox 1298 2837 1408 2918; x_wconf 76' lang='lat' dir='ltr'>promul</span> 
     </span>
     <span class='ocr_line' id='line_1_31' title="bbox 363 2918 1409 3005; baseline 0.005 -24"><span class='ocrx_word' id='word_1_223' title='bbox 363 2921 389 2982; x_wconf 92' lang='lat' dir='ltr'>is</span> <span class='ocrx_word' id='word_1_224' title='bbox 405 2922 444 2984; x_wconf 88' lang='lat' dir='ltr'>ab</span> <span class='ocrx_word' id='word_1_225' title='bbox 457 2922 531 2984; x_wconf 87' lang='lat' dir='ltr'>urbe</span> <span class='ocrx_word' id='word_1_226' title='bbox 547 2918 651 2984; x_wconf 84' lang='lat' dir='ltr'>Locris</span> <span class='ocrx_word' id='word_1_227' title='bbox 667 2920 764 3001; x_wconf 87' lang='lat' dir='ltr'>abest)</span> <span class='ocrx_word' id='word_1_228' title='bbox 783 2921 895 2983; x_wconf 88' lang='lat' dir='ltr'>nuncio</span> <span class='ocrx_word' id='word_1_229' title='bbox 910 2922 1074 3004; x_wconf 78' lang='lat' dir='ltr'>premisso,</span> <span class='ocrx_word' id='word_1_230' title='bbox 1096 2933 1131 2984; x_wconf 88' lang='lat' dir='ltr'>ut</span> <span class='ocrx_word' id='word_1_231' title='bbox 1150 2922 1196 2983; x_wconf 88' lang='lat' dir='ltr'>sui</span> <span class='ocrx_word' id='word_1_232' title='bbox 1216 2921 1284 2984; x_wconf 86' lang='lat' dir='ltr'>luce</span> <span class='ocrx_word' id='word_1_233' title='bbox 1305 2924 1409 3005; x_wconf 82' lang='lat' dir='ltr'>prima</span> 
     </span>
     <span class='ocr_line' id='line_1_32' title="bbox 364 3006 1409 3090; baseline 0.005 -22"><span class='ocrx_word' id='word_1_234' title='bbox 364 3028 483 3071; x_wconf 83' lang='lat' dir='ltr'>summa</span> <span class='ocrx_word' id='word_1_235' title='bbox 501 3008 530 3069; x_wconf 86' lang='lat' dir='ltr'>vi</span> <span class='ocrx_word' id='word_1_236' title='bbox 553 3007 692 3090; x_wconf 82' lang='lat' dir='ltr'>proelium</span> <span class='ocrx_word' id='word_1_237' title='bbox 716 3028 786 3069; x_wconf 86' lang='lat' dir='ltr'>curn</span> <span class='ocrx_word' id='word_1_238' title='bbox 811 3006 959 3072; x_wconf 85' lang='lat' dir='ltr'>Romanis</span> <span class='ocrx_word' id='word_1_239' title='bbox 984 3029 1020 3071; x_wconf 88' lang='lat' dir='ltr'>ac</span> <span class='ocrx_word' id='word_1_240' title='bbox 1044 3006 1244 3072; x_wconf 80' lang='lat' dir='ltr'>Locrensibus</span> <span class='ocrx_word' id='word_1_241' title='bbox 1263 3029 1409 3077; x_wconf 64' lang='lat' dir='ltr'>consere</span> 
     </span>
     <span class='ocr_line' id='line_1_33' title="bbox 365 3094 1408 3179; baseline 0.002 -24"><span class='ocrx_word' id='word_1_242' title='bbox 365 3105 441 3174; x_wconf 88' lang='lat' dir='ltr'>rent,</span> <span class='ocrx_word' id='word_1_243' title='bbox 456 3094 529 3157; x_wconf 89' lang='lat' dir='ltr'>dum</span> <span class='ocrx_word' id='word_1_244' title='bbox 551 3095 628 3177; x_wconf 84' lang='lat' dir='ltr'>ipse,</span> <span class='ocrx_word' id='word_1_245' title='bbox 651 3094 761 3157; x_wconf 88' lang='lat' dir='ltr'>aversis</span> <span class='ocrx_word' id='word_1_246' title='bbox 782 3095 922 3160; x_wconf 85' lang='lat' dir='ltr'>omnibus</span> <span class='ocrx_word' id='word_1_247' title='bbox 941 3095 974 3157; x_wconf 88' lang='lat' dir='ltr'>in</span> <span class='ocrx_word' id='word_1_248' title='bbox 988 3115 1058 3159; x_wconf 88' lang='lat' dir='ltr'>eum</span> <span class='ocrx_word' id='word_1_249' title='bbox 1072 3095 1247 3172; x_wconf 83' lang='lat' dir='ltr'>mmulturn,</span> <span class='ocrx_word' id='word_1_250' title='bbox 1260 3097 1303 3157; x_wconf 90' lang='lat' dir='ltr'>ab</span> <span class='ocrx_word' id='word_1_251' title='bbox 1317 3108 1408 3179; x_wconf 76' lang='lat' dir='ltr'>tergo</span> 
     </span>
     <span class='ocr_line' id='line_1_34' title="bbox 363 3180 1409 3265; baseline 0.005 -24"><span class='ocrx_word' id='word_1_252' title='bbox 363 3182 468 3243; x_wconf 85' lang='lat' dir='ltr'>urbem</span> <span class='ocrx_word' id='word_1_253' title='bbox 506 3181 659 3245; x_wconf 85' lang='lat' dir='ltr'>incautam</span> <span class='ocrx_word' id='word_1_254' title='bbox 692 3180 917 3262; x_wconf 83' lang='lat' dir='ltr'>adgrederetur,</span> <span class='ocrx_word' id='word_1_255' title='bbox 946 3182 998 3245; x_wconf 93' lang='lat' dir='ltr'>ubi</span> <span class='ocrx_word' id='word_1_256' title='bbox 1031 3182 1098 3245; x_wconf 83' lang='lat' dir='ltr'>luce</span> <span class='ocrx_word' id='word_1_257' title='bbox 1129 3194 1263 3265; x_wconf 77' lang='lat' dir='ltr'>coptam</span> <span class='ocrx_word' id='word_1_258' title='bbox 1288 3183 1409 3246; x_wconf 84' lang='lat' dir='ltr'>inuenit</span> 
     </span>
     <span class='ocr_line' id='line_1_35' title="bbox 361 3267 1408 3353; baseline 0.008 -24"><span class='ocrx_word' id='word_1_259' title='bbox 361 3288 507 3351; x_wconf 87' lang='lat' dir='ltr'>pugnam,</span> <span class='ocrx_word' id='word_1_260' title='bbox 522 3268 586 3353; x_wconf 88' lang='lat' dir='ltr'>ipse</span> <span class='ocrx_word' id='word_1_261' title='bbox 598 3288 654 3333; x_wconf 86' lang='lat' dir='ltr'>nec</span> <span class='ocrx_word' id='word_1_262' title='bbox 670 3268 702 3333; x_wconf 90' lang='lat' dir='ltr'>in</span> <span class='ocrx_word' id='word_1_263' title='bbox 717 3289 818 3336; x_wconf 88' lang='lat' dir='ltr'>arcem</span> <span class='ocrx_word' id='word_1_264' title='bbox 833 3290 866 3332; x_wconf 91' lang='lat' dir='ltr'>se</span> <span class='ocrx_word' id='word_1_265' title='bbox 886 3267 1050 3348; x_wconf 86' lang='lat' dir='ltr'>includere,</span> <span class='ocrx_word' id='word_1_266' title='bbox 1076 3269 1164 3334; x_wconf 84' lang='lat' dir='ltr'>turba</span> <span class='ocrx_word' id='word_1_267' title='bbox 1183 3269 1284 3333; x_wconf 85' lang='lat' dir='ltr'>locum</span> <span class='ocrx_word' id='word_1_268' title='bbox 1304 3282 1408 3337; x_wconf 82' lang='lat' dir='ltr'>artum</span> 
     </span>
    </p>
   </div>
   <div class='ocr_carea' id='block_1_5' title="bbox 712 3450 1060 3521">
    <p class='ocr_par' dir='ltr' id='par_1_6' title="bbox 712 3450 1060 3521">
     <span class='ocr_line' id='line_1_36' title="bbox 712 3450 1060 3521; baseline 0.006 -22"><span class='ocrx_word' id='word_1_269' title='bbox 712 3458 754 3500; x_wconf 69' lang='lat' dir='ltr'>‘a</span> <span class='ocrx_word' id='word_1_270' title='bbox 764 3459 890 3521; x_wconf 65' lang='lat' dir='ltr'>artaxata</span> <span class='ocrx_word' id='word_1_271' title='bbox 899 3450 976 3501; x_wconf 76' lang='lat' dir='ltr'>Gran.-</span> <span class='ocrx_word' id='word_1_272' title='bbox 989 3450 1060 3519; x_wconf 73' lang='lat' dir='ltr'>cres.</span> 
     </span>
    </p>
   </div>
   <div class='ocr_carea' id='block_1_6' title="bbox 361 3584 1410 3985">
    <p class='ocr_par' dir='ltr' id='par_1_7' title="bbox 361 3584 1410 3985">
     <span class='ocr_line' id='line_1_37' title="bbox 395 3584 1408 3657; baseline 0.007 -22"><span class='ocrx_word' id='word_1_273' title='bbox 395 3584 417 3622; x_wconf 53' lang='grc' dir='ltr'>ὕ</span> <span class='ocrx_word' id='word_1_274' title='bbox 434 3586 467 3636; x_wconf 85' lang='lat' dir='ltr'>Ni</span> <span class='ocrx_word' id='word_1_275' title='bbox 481 3589 565 3637; x_wconf 74' lang='lat' dir='ltr'>&#39;clamor</span> <span class='ocrx_word' id='word_1_276' title='bbox 580 3589 607 3637; x_wconf 84' lang='lat' dir='ltr'>ab</span> <span class='ocrx_word' id='word_1_277' title='bbox 625 3584 664 3655; x_wconf 79' lang='lat' dir='ltr'>ils]</span> <span class='ocrx_word' id='word_1_278' title='bbox 680 3584 715 3636; x_wconf 85' lang='lat' dir='ltr'>Ni</span> <span class='ocrx_word' id='word_1_279' title='bbox 734 3590 820 3639; x_wconf 78' lang='lat' dir='ltr'>clamor</span> <span class='ocrx_word' id='word_1_280' title='bbox 841 3591 869 3639; x_wconf 83' lang='lat' dir='ltr'>ab</span> <span class='ocrx_word' id='word_1_281' title='bbox 900 3602 1056 3657; x_wconf 70' lang='lat' dir='ltr'>captarunt,</span> <span class='ocrx_word' id='word_1_282' title='bbox 1071 3606 1157 3652; x_wconf 46' lang='lat' dir='ltr'>sertus,</span> <span class='ocrx_word' id='word_1_283' title='bbox 1169 3591 1343 3657; x_wconf 68' lang='lat' dir='ltr'>qmmsciqitui</span> <span class='ocrx_word' id='word_1_284' title='bbox 1359 3604 1408 3642; x_wconf 80' lang='lat' dir='ltr'>tta·</span> 
     </span>
     <span class='ocr_line' id='line_1_38' title="bbox 362 3653 1194 3719; baseline 0.006 -18"><span class='ocrx_word' id='word_1_285' title='bbox 362 3654 391 3702; x_wconf 84' lang='lat' dir='ltr'>iis</span> <span class='ocrx_word' id='word_1_286' title='bbox 412 3653 521 3711; x_wconf 74' lang='lat' dir='ltr'>sublenis,</span> <span class='ocrx_word' id='word_1_287' title='bbox 541 3655 581 3716; x_wconf 88' lang='lat' dir='ltr'>qui</span> <span class='ocrx_word' id='word_1_288' title='bbox 601 3662 666 3705; x_wconf 76' lang='lat' dir='ltr'>entra</span> <span class='ocrx_word' id='word_1_289' title='bbox 693 3668 768 3703; x_wconf 84' lang='lat' dir='ltr'>arcem</span> <span class='ocrx_word' id='word_1_290' title='bbox 795 3669 872 3716; x_wconf 80' lang='lat' dir='ltr'>crant,</span> <span class='ocrx_word' id='word_1_291' title='bbox 900 3658 1088 3719; x_wconf 63' lang='lat' dir='ltr'>signatumest.</span> <span class='ocrx_word' id='word_1_292' title='bbox 1185 3684 1194 3694; x_wconf 94' lang='lat'><strong>·</strong></span> 
     </span>
     <span class='ocr_line' id='line_1_39' title="bbox 362 3718 1407 3789; baseline 0.006 -22"><span class='ocrx_word' id='word_1_293' title='bbox 362 3719 453 3767; x_wconf 77' lang='lat' dir='ltr'>lecisset</span> <span class='ocrx_word' id='word_1_294' title='bbox 480 3719 596 3767; x_wconf 80' lang='lat' dir='ltr'>incertum</span> <span class='ocrx_word' id='word_1_295' title='bbox 623 3718 709 3779; x_wconf 67' lang='lat' dir='ltr'>rans,</span> <span class='ocrx_word' id='word_1_296' title='bbox 726 3720 788 3769; x_wconf 82' lang='lat' dir='ltr'>unda</span> <span class='ocrx_word' id='word_1_297' title='bbox 810 3724 868 3771; x_wconf 85' lang='lat' dir='ltr'>atti·</span> <span class='ocrx_word' id='word_1_298' title='bbox 932 3723 954 3760; x_wconf 59' lang='grc' dir='ltr'>ὓ</span> <span class='ocrx_word' id='word_1_299' title='bbox 971 3721 1044 3771; x_wconf 71' lang='grc' dir='ltr'><strong><em>Ναυιι</em></strong></span> <span class='ocrx_word' id='word_1_300' title='bbox 1064 3726 1121 3771; x_wconf 78' lang='lat' dir='ltr'>mari</span> <span class='ocrx_word' id='word_1_301' title='bbox 1141 3726 1232 3772; x_wconf 66' lang='lat' dir='ltr'>mundo</span> <span class='ocrx_word' id='word_1_302' title='bbox 1256 3724 1325 3789; x_wconf 70' lang='lat' dir='ltr'>nisit]</span> <span class='ocrx_word' id='word_1_303' title='bbox 1351 3724 1407 3774; x_wconf 82' lang='lat' dir='ltr'>Na.</span> 
     </span>
     <span class='ocr_line' id='line_1_40' title="bbox 361 3784 1408 3853; baseline 0.008 -20"><span class='ocrx_word' id='word_1_304' title='bbox 361 3785 448 3844; x_wconf 74' lang='lat' dir='ltr'>disset3</span> <span class='ocrx_word' id='word_1_305' title='bbox 483 3784 621 3832; x_wconf 74' lang='lat' dir='ltr'>cobbuisset</span> <span class='ocrx_word' id='word_1_306' title='bbox 649 3784 733 3833; x_wconf 65' lang='lat' dir='ltr'>Poenos</span> <span class='ocrx_word' id='word_1_307' title='bbox 763 3785 871 3846; x_wconf 78' lang='lat' dir='ltr'>incertos,</span> <span class='ocrx_word' id='word_1_308' title='bbox 898 3803 938 3837; x_wconf 82' lang='lat' dir='ltr'>ses</span> <span class='ocrx_word' id='word_1_309' title='bbox 963 3786 1068 3838; x_wconf 77' lang='lat' dir='ltr'>ferendas</span> <span class='ocrx_word' id='word_1_310' title='bbox 1092 3790 1194 3853; x_wconf 82' lang='lat' dir='ltr'>permisit</span> <span class='ocrx_word' id='word_1_311' title='bbox 1215 3792 1273 3838; x_wconf 84' lang='lat' dir='ltr'>mari</span> <span class='ocrx_word' id='word_1_312' title='bbox 1292 3793 1408 3851; x_wconf 66' lang='lat' dir='ltr'>ucundo.</span> 
     </span>
     <span class='ocr_line' id='line_1_41' title="bbox 363 3849 1408 3917; baseline 0.008 -20"><span class='ocrx_word' id='word_1_313' title='bbox 363 3850 549 3908; x_wconf 79' lang='lat' dir='ltr'>utnuaabsrte,</span> <span class='ocrx_word' id='word_1_314' title='bbox 568 3864 597 3897; x_wconf 81' lang='lat' dir='ltr'>an</span> <span class='ocrx_word' id='word_1_315' title='bbox 617 3849 735 3897; x_wconf 83' lang='lat' dir='ltr'>absieinis</span> <span class='ocrx_word' id='word_1_316' title='bbox 750 3850 796 3900; x_wconf 77' lang='lat' dir='ltr'>arci</span> <span class='ocrx_word' id='word_1_317' title='bbox 811 3849 868 3901; x_wconf 82' lang='lat' dir='ltr'>locis</span> <span class='ocrx_word' id='word_1_318' title='bbox 898 3854 922 3902; x_wconf 86' lang='lat' dir='ltr'>id</span> <span class='ocrx_word' id='word_1_319' title='bbox 943 3855 1080 3917; x_wconf 68' lang='lat' dir='ltr'>aequorei</span> <span class='ocrx_word' id='word_1_320' title='bbox 1101 3854 1171 3903; x_wconf 82' lang='lat' dir='ltr'>maria</span> <span class='ocrx_word' id='word_1_321' title='bbox 1188 3854 1340 3904; x_wconf 75' lang='lat' dir='ltr'>obsecutum</span> <span class='ocrx_word' id='word_1_322' title='bbox 1373 3856 1408 3906; x_wconf 81' lang='lat' dir='ltr'>Et</span> 
     </span>
     <span class='ocr_line' id='line_1_42' title="bbox 362 3914 1410 3985; baseline 0.01 -24"><span class='ocrx_word' id='word_1_323' title='bbox 362 3914 487 3973; x_wconf 80' lang='lat' dir='ltr'>accidisset,</span> <span class='ocrx_word' id='word_1_324' title='bbox 506 3926 619 3963; x_wconf 85' lang='lat' dir='ltr'>nocturno</span> <span class='ocrx_word' id='word_1_325' title='bbox 644 3916 749 3965; x_wconf 85' lang='lat' dir='ltr'>tumultu</span> <span class='ocrx_word' id='word_1_326' title='bbox 769 3930 869 3979; x_wconf 79' lang='lat' dir='ltr'>augente</span> <span class='ocrx_word' id='word_1_327' title='bbox 898 3918 1059 3980; x_wconf 79' lang='lat' dir='ltr'>intelligendus</span> <span class='ocrx_word' id='word_1_328' title='bbox 1077 3932 1113 3969; x_wconf 80' lang='lat' dir='ltr'>att</span> <span class='ocrx_word' id='word_1_329' title='bbox 1128 3919 1176 3983; x_wconf 76' lang='lat' dir='ltr'>ipra</span> <span class='ocrx_word' id='word_1_330' title='bbox 1195 3920 1272 3985; x_wconf 76' lang='lat' dir='ltr'>Scipio</span> <span class='ocrx_word' id='word_1_331' title='bbox 1286 3920 1323 3969; x_wconf 70' lang='lat' dir='ltr'>lt‘n</span> <span class='ocrx_word' id='word_1_332' title='bbox 1339 3925 1410 3972; x_wconf 77' lang='lat' dir='ltr'>mi-</span> 
     </span>
    </p>
   </div>
   <div class='ocr_carea' id='block_1_7' title="bbox 265 3980 1409 4115">
    <p class='ocr_par' dir='ltr' id='par_1_8' title="bbox 265 3980 1409 4115">
     <span class='ocr_line' id='line_1_43' title="bbox 265 3980 1409 4052; baseline 0.009 -26"><span class='ocrx_word' id='word_1_333' title='bbox 265 4034 270 4041; x_wconf 23' lang='lat'>,</span> <span class='ocrx_word' id='word_1_334' title='bbox 362 3980 448 4039; x_wconf 58' lang='lat' dir='ltr'>omma</span> <span class='ocrx_word' id='word_1_335' title='bbox 474 3980 542 4030; x_wconf 87' lang='lat' dir='ltr'>etiam</span> <span class='ocrx_word' id='word_1_336' title='bbox 568 3995 635 4029; x_wconf 81' lang='lat' dir='ltr'>vana.</span> <span class='ocrx_word' id='word_1_337' title='bbox 683 3980 795 4031; x_wconf 85' lang='lat' dir='ltr'>Similiter</span> <span class='ocrx_word' id='word_1_338' title='bbox 820 3985 869 4032; x_wconf 82' lang='lat' dir='ltr'>iere</span> <span class='ocrx_word' id='word_1_339' title='bbox 898 3985 1120 4046; x_wconf 81' lang='lat' dir='ltr'>bmrectmsuitse,</span> <span class='ocrx_word' id='word_1_340' title='bbox 1135 3997 1163 4050; x_wconf 79' lang='lat' dir='ltr'>ot</span> <span class='ocrx_word' id='word_1_341' title='bbox 1177 3987 1409 4052; x_wconf 73' lang='lat' dir='ltr'>comtatexiisqoe</span> 
     </span>
     <span class='ocr_line' id='line_1_44' title="bbox 361 4043 1034 4115; baseline 0.015 -24"><span class='ocrx_word' id='word_1_342' title='bbox 361 4044 453 4094; x_wconf 87' lang='lat' dir='ltr'>locutus</span> <span class='ocrx_word' id='word_1_343' title='bbox 473 4057 509 4094; x_wconf 82' lang='lat' dir='ltr'>est</span> <span class='ocrx_word' id='word_1_344' title='bbox 529 4044 615 4103; x_wconf 81' lang='lat' dir='ltr'>Livius,</span> <span class='ocrx_word' id='word_1_345' title='bbox 635 4043 717 4094; x_wconf 69' lang='lat' dir='ltr'>litat.</span> <span class='ocrx_word' id='word_1_346' title='bbox 737 4063 759 4097; x_wconf 89' lang='lat' dir='ltr'>c.</span> <span class='ocrx_word' id='word_1_347' title='bbox 772 4050 797 4098; x_wconf 82' lang='lat'>2.</span> <span class='ocrx_word' id='word_1_348' title='bbox 837 4046 869 4096; x_wconf 85' lang='lat' dir='ltr'>Et</span> <span class='ocrx_word' id='word_1_349' title='bbox 899 4061 1034 4115; x_wconf 80' lang='lat' dir='ltr'>sequuntur.</span> 
     </span>
    </p>
   </div>
   <div class='ocr_carea' id='block_1_8' title="bbox 360 4112 1411 4571">
    <p class='ocr_par' dir='ltr' id='par_1_9' title="bbox 361 4112 1410 4378">
     <span class='ocr_line' id='line_1_45' title="bbox 362 4112 1409 4183; baseline 0.011 -26"><span class='ocrx_word' id='word_1_350' title='bbox 362 4113 496 4159; x_wconf 64' lang='lat' dir='ltr'>confirmatio</span> <span class='ocrx_word' id='word_1_351' title='bbox 513 4113 539 4159; x_wconf 82' lang='lat' dir='ltr'>ia</span> <span class='ocrx_word' id='word_1_352' title='bbox 555 4112 641 4159; x_wconf 70' lang='lat' dir='ltr'>chromo</span> <span class='ocrx_word' id='word_1_353' title='bbox 657 4112 868 4163; x_wconf 77' lang='lat' dir='ltr'>incidentitonclio-</span> <span class='ocrx_word' id='word_1_354' title='bbox 935 4118 995 4164; x_wconf 72' lang='grc' dir='ltr'>Η</span> <span class='ocrx_word' id='word_1_355' title='bbox 1031 4116 1124 4165; x_wconf 77' lang='lat' dir='ltr'>Batroto</span> <span class='ocrx_word' id='word_1_356' title='bbox 1159 4115 1231 4183; x_wconf 70' lang='lat' dir='ltr'>ant]</span> <span class='ocrx_word' id='word_1_357' title='bbox 1275 4118 1409 4168; x_wconf 78' lang='lat' dir='ltr'>Commode</span> 
     </span>
     <span class='ocr_line' id='line_1_46' title="bbox 362 4172 1410 4248; baseline 0.01 -27"><span class='ocrx_word' id='word_1_358' title='bbox 362 4176 513 4225; x_wconf 77' lang='lat' dir='ltr'>mminnliot</span> <span class='ocrx_word' id='word_1_359' title='bbox 529 4175 744 4235; x_wconf 75' lang='lat' dir='ltr'>incertamseccrct,</span> <span class='ocrx_word' id='word_1_360' title='bbox 759 4195 790 4226; x_wconf 84' lang='lat' dir='ltr'>aa</span> <span class='ocrx_word' id='word_1_361' title='bbox 805 4179 869 4227; x_wconf 71' lang='lat' dir='ltr'>batis</span> <span class='ocrx_word' id='word_1_362' title='bbox 899 4184 1006 4231; x_wconf 80' lang='lat' dir='ltr'>emendat</span> <span class='ocrx_word' id='word_1_363' title='bbox 1028 4172 1167 4239; x_wconf 73' lang='lat' dir='ltr'>Gronovius.</span> <span class='ocrx_word' id='word_1_364' title='bbox 1195 4182 1223 4229; x_wconf 78' lang='lat' dir='ltr'>ab</span> <span class='ocrx_word' id='word_1_365' title='bbox 1243 4180 1307 4231; x_wconf 73' lang='lat' dir='ltr'>Ata·</span> <span class='ocrx_word' id='word_1_366' title='bbox 1334 4174 1410 4248; x_wconf 73' lang='lat' dir='ltr'>anni,</span> 
     </span>
     <span class='ocr_line' id='line_1_47' title="bbox 362 4238 1409 4311; baseline 0.013 -26"><span class='ocrx_word' id='word_1_367' title='bbox 362 4242 424 4286; x_wconf 77' lang='lat' dir='ltr'>intra</span> <span class='ocrx_word' id='word_1_368' title='bbox 450 4241 532 4291; x_wconf 80' lang='lat' dir='ltr'>oollam</span> <span class='ocrx_word' id='word_1_369' title='bbox 554 4250 613 4291; x_wconf 71' lang='lat' dir='ltr'>erut.</span> <span class='ocrx_word' id='word_1_370' title='bbox 645 4238 698 4289; x_wconf 84' lang='lat' dir='ltr'><strong>vid.</strong></span> <span class='ocrx_word' id='word_1_371' title='bbox 726 4253 751 4292; x_wconf 84' lang='lat' dir='ltr'>at</span> <span class='ocrx_word' id='word_1_372' title='bbox 772 4243 867 4294; x_wconf 78' lang='lat' dir='ltr'>Lux.</span> <span class='ocrx_word' id='word_1_373' title='bbox 899 4249 940 4311; x_wconf 89' lang='lat' dir='ltr'>qai</span> <span class='ocrx_word' id='word_1_374' title='bbox 960 4248 1044 4297; x_wconf 80' lang='lat' dir='ltr'>flavius</span> <span class='ocrx_word' id='word_1_375' title='bbox 1063 4248 1133 4297; x_wconf 75' lang='lat' dir='ltr'>inea</span> <span class='ocrx_word' id='word_1_376' title='bbox 1151 4248 1244 4309; x_wconf 75' lang='lat' dir='ltr'>regione</span> <span class='ocrx_word' id='word_1_377' title='bbox 1263 4262 1409 4299; x_wconf 72' lang='lat' dir='ltr'>mencietur</span> 
     </span>
     <span class='ocr_line' id='line_1_48' title="bbox 361 4303 1408 4378; baseline 0.004 -19"><span class='ocrx_word' id='word_1_378' title='bbox 361 4303 417 4349; x_wconf 66' lang='grc' dir='ltr'>ΰ-ίῖ·</span> <span class='ocrx_word' id='word_1_379' title='bbox 897 4330 912 4361; x_wconf 85' lang='lat' dir='ltr'>a</span> <span class='ocrx_word' id='word_1_380' title='bbox 930 4314 1040 4363; x_wconf 81' lang='lat' dir='ltr'>Strabone</span> <span class='ocrx_word' id='word_1_381' title='bbox 1058 4313 1237 4378; x_wconf 79' lang='lat' dir='ltr'>et&#39;l&#39;hocydide.</span> <span class='ocrx_word' id='word_1_382' title='bbox 1268 4313 1323 4362; x_wconf 72' lang='lat' dir='ltr'>Nec</span> <span class='ocrx_word' id='word_1_383' title='bbox 1340 4315 1408 4363; x_wconf 80' lang='lat' dir='ltr'>ablu·</span> 
     </span>
    </p>

    <p class='ocr_par' dir='ltr' id='par_1_10' title="bbox 360 4366 1411 4571">
     <span class='ocr_line' id='line_1_49' title="bbox 394 4366 1411 4447; baseline 0.016 -27"><span class='ocrx_word' id='word_1_384' title='bbox 394 4368 415 4407; x_wconf 46' lang='grc' dir='ltr'>ἦ</span> <span class='ocrx_word' id='word_1_385' title='bbox 432 4366 507 4421; x_wconf 80' lang='lat' dir='ltr'>Quum</span> <span class='ocrx_word' id='word_1_386' title='bbox 524 4374 621 4433; x_wconf 70' lang='lat' dir='ltr'>primm</span> <span class='ocrx_word' id='word_1_387' title='bbox 642 4382 696 4423; x_wconf 69' lang='lat' dir='ltr'>atu</span> <span class='ocrx_word' id='word_1_388' title='bbox 713 4373 804 4437; x_wconf 71' lang='lat' dir='ltr'>sartan</span> <span class='ocrx_word' id='word_1_389' title='bbox 829 4377 865 4423; x_wconf 84' lang='lat' dir='ltr'>in·</span> <span class='ocrx_word' id='word_1_390' title='bbox 897 4378 932 4427; x_wconf 87' lang='lat' dir='ltr'>dit</span> <span class='ocrx_word' id='word_1_391' title='bbox 960 4392 1066 4432; x_wconf 79' lang='lat' dir='ltr'>veteram</span> <span class='ocrx_word' id='word_1_392' title='bbox 1091 4378 1196 4433; x_wconf 72' lang='lat' dir='ltr'>oedlcttnt</span> <span class='ocrx_word' id='word_1_393' title='bbox 1223 4379 1353 4447; x_wconf 67' lang='lat' dir='ltr'>scriptun:</span> <span class='ocrx_word' id='word_1_394' title='bbox 1380 4382 1411 4430; x_wconf 66' lang='lat' dir='ltr'>tl</span> 
     </span>
     <span class='ocr_line' id='line_1_50' title="bbox 360 4432 1372 4502; baseline 0.023 -24"><span class='ocrx_word' id='word_1_395' title='bbox 360 4432 466 4481; x_wconf 75' lang='lat' dir='ltr'>abactam</span> <span class='ocrx_word' id='word_1_396' title='bbox 491 4436 533 4499; x_wconf 75' lang='lat' dir='ltr'>ott]</span> <span class='ocrx_word' id='word_1_397' title='bbox 552 4450 555 4455; x_wconf 87' lang='lat'>·</span> <span class='ocrx_word' id='word_1_398' title='bbox 571 4436 650 4490; x_wconf 60' lang='lat' dir='ltr'>iduum</span> <span class='ocrx_word' id='word_1_399' title='bbox 685 4440 783 4502; x_wconf 84' lang='lat' dir='ltr'>primum</span> <span class='ocrx_word' id='word_1_400' title='bbox 811 4440 865 4490; x_wconf 73' lang='lat' dir='ltr'>freti</span> <span class='ocrx_word' id='word_1_401' title='bbox 895 4444 971 4502; x_wconf 56' lang='lat' dir='ltr'>aloto„</span> <span class='ocrx_word' id='word_1_402' title='bbox 1331 4441 1335 4446; x_wconf 39' lang='lat'><strong>⁴</strong></span> <span class='ocrx_word' id='word_1_403' title='bbox 1368 4439 1372 4446; x_wconf 45' lang='lat'><strong>⁴</strong></span> 
     </span>
     <span class='ocr_line' id='line_1_51' title="bbox 360 4503 864 4571; baseline 0.024 -26"><span class='ocrx_word' id='word_1_404' title='bbox 360 4512 425 4561; x_wconf 78' lang='lat' dir='ltr'>aqua</span> <span class='ocrx_word' id='word_1_405' title='bbox 451 4510 510 4549; x_wconf 79' lang='lat' dir='ltr'>sesto</span> <span class='ocrx_word' id='word_1_406' title='bbox 536 4503 631 4567; x_wconf 83' lang='lat' dir='ltr'>propelli</span> <span class='ocrx_word' id='word_1_407' title='bbox 656 4504 679 4553; x_wconf 85' lang='lat' dir='ltr'>in</span> <span class='ocrx_word' id='word_1_408' title='bbox 702 4518 751 4556; x_wconf 81' lang='lat' dir='ltr'>tam</span> <span class='ocrx_word' id='word_1_409' title='bbox 775 4517 864 4571; x_wconf 78' lang='lat' dir='ltr'>pattcm</span> 
     </span>
    </p>
   </div>
   <div class='ocr_carea' id='block_1_9' title="bbox 0 0 1550 5200">
    <p class='ocr_par' dir='ltr' id='par_1_11' title="bbox 0 0 1550 5200">
     <span class='ocr_line' id='line_1_52' title="bbox 0 0 1550 5200; baseline 0 1"><span class='ocrx_word' id='word_1_410' title='bbox 0 0 1550 5200; x_wconf 95' lang='lat' dir='ltr'> </span> 
     </span>
    </p>
   </div>
  </div>
 </body>
</html>
