3092 5200
476 358 553 419 ΜΒ.
573 354 873 421 mictum
1148 366 1206 429 itt

163 516 304 579 militiam
325 514 471 577 emendos
503 516 735 599 armandosque,
763 536 822 578 nee
844 513 1051 579 Hmnuuem
1072 502 1206 581 mbxinm
1219 526 1363 583 dcem

166 603 291 685 hujusce
312 603 367 681 rei,
399 613 435 663 ut
465 601 549 665 fama
578 614 656 681 erat,
687 612 830 685 egentem
853 602 1031 685 locupletari
1054 594 1357 667 volebant.⁸·⁰·²¹⁶·

164 688 266 759 Quum
277 689 364 751 triste
375 708 563 771 responsum,
573 690 656 751 ‘non
666 689 774 751 redimi
782 686 941 771 captivos:
953 688 1104 751 redditum
1115 701 1205 769 esset,

164 794 318 856 nonisque
339 794 428 857 super
447 787 581 838 veterem
602 776 701 839 luctus
722 786 773 837 tot
795 774 917 858 juctius
939 775 1048 838 civium
1069 773 1206 857 adjectus

163 872 255 939 esset,
280 882 349 923 cum
375 862 495 944 mugnis
518 861 638 923 lletibus
662 862 876 943 questibusque
900 861 1016 943 legatos
1031 862 1071 924 ad
1086 871 1206 943 portum

162 949 315 1031 prosecuti
339 958 418 1010 sunt.
461 945 549 1011 Unus
564 968 604 1009 ex
626 949 664 1009 iis
688 948 813 1009 domum
836 947 1020 1028 abiit,·quod
1034 947 1136 1011 fallaci
1158 943 1366 1029 werinbold·

164 1032 231 1097 ditu
245 1034 277 1095 in
296 1046 397 1096 castra
414 1032 613 1116 jurejurando
638 1055 671 1096 se
694 1033 881 1097 exsolvisset.
926 1032 1018 1104 Quod
1041 1034 1092 1096 ubi
1117 1034 1205 1097 inno-
1218 1010 1366 1129 ssnffig·

165 1120 236 1197 tuit,
253 1123 278 1159 ¹⁴
288 1121 478 1203 relatumque
502 1120 542 1182 sd
566 1132 704 1184 senatum
719 1133 778 1196 est,
792 1140 899 1182 omnes
914 1132 1105 1199 censuerunt,
1120 1140 1206 1183 com·
1218 1142 1324 1207 pm,

220 1206 416 1269 hendendunr
440 1216 472 1269 et
495 1207 670 1270 custodibus
694 1206 814 1289 publice
834 1206 915 1268 datis
940 1206 1151 1269 deducendum
1167 1207 1207 1269 ad

164 1226 372 1355 lilonibuen
397 1315 473 1357 esse.
517 1290 610 1356 ¹³Fst
633 1294 747 1356 etalio
770 1292 808 1354 de
832 1292 959 1377 captivis
983 1292 1075 1371 fama,
1100 1292 1206 1356 decem

164 1378 280 1460 primos
294 1380 421 1441 senine.
435 1380 475 1442 de
489 1380 533 1441 eis
547 1399 639 1460 quum
655 1379 826 1442 dubitatum
850 1380 882 1441 in
905 1389 1013 1443 senatu
1037 1390 1126 1457 esset,
1149 1379 1207 1443 ed-

165 1464 359 1528 mitterentur
378 1466 410 1527 in
434 1466 552 1543 urbem,
571 1486 630 1527 nec
653 1486 713 1543 ne;
737 1466 782 1527 ite
797 1466 944 1528 admissos
958 1487 1033 1543 esse,
1049 1486 1088 1528 ne
1103 1477 1207 1530 tamen

165 1549 202 1611 iis
215 1562 347 1613 'mustus
369 1552 500 1613 daretur.
558 1548 751 1614 Morantibns
781 1551 888 1613 deinde
922 1551 1041 1633 longius
1070 1552 1207 1614 omnium

165 1654 232 1717 spe,
254 1638 330 1697 alios
344 1647 405 1698 tres
425 1637 547 1718 insuper
568 1636 685 1717 legatos
703 1638 830 1714 venisse,
849 1636 885 1698 L.
900 1634 1102 1715 Scribonium,
1123 1649 1156 1699 et
1171 1637 1208 1699 C.

166 1720 377 1803 Calpurnium,
400 1731 432 1782 et
453 1720 490 1783 1..
506 1719 667 1785 Manlium.
689 1733 755 1783 tum
780 1723 902 1783 demum
923 1722 964 1783 ad
977 1734 1110 1803 cognato
1125 1721 1208 1785 Scri·

166 1807 251 1869 bonii
277 1808 400 1869 tribuno
424 1807 521 1890 plebis
547 1808 585 1869 de
615 1806 799 1869 redimendis
826 1807 953 1889 captivis
978 1808 1106 1871 relatum
1132 1829 1209 1887 esse,

167 1912 225 1954 nec
241 1893 392 1958 censuisse
407 1892 601 1955 redimendos
624 1905 782 1955 senatum:
806 1904 838 1955 et
857 1912 950 1955 novos
965 1892 1083 1973 legatos
1094 1905 1155 1955 tres
1170 1894 1211 1957 sd

167 1976 375 2041 Hannibalern
408 1979 575 2057 revertisse,
608 1979 716 2041 decem
749 1990 865 2041 veteres
897 1978 1095 2055 remansisse3
1118 1980 1210 2060 quod,

166 2085 221 2147 per
244 2086 383 2127 caussam
407 2064 646 2146 recognoscendi
669 2066 796 2127 nomine
819 2067 1007 2148 captivorum
1029 2065 1069 2127 ed
1088 2063 1210 2127 Hanni-

167 2150 267 2213 balem
291 2172 330 2213 ex
352 2152 459 2214 itinere
479 2152 617 2232 regressi,
643 2151 791 2233 religione
810 2172 875 2213 sese
896 2150 1103 2213 exsolvissent.
1119 2150 1158 2212 de
1173 2151 1210 2214 iis

167 2234 316 2299 dedendis
339 2257 453 2319 magna
477 2237 673 2300 contentione
694 2246 795 2299 neuim
817 2238 848 2299 in
864 2249 972 2299 senatu
986 2257 1071 2299 esse:
1095 2238 1211 2299 victos·

167 2342 227 2403 que
258 2324 363 2405 paucis
398 2324 569 2399 sententiis,
599 2324 650 2405 qui
681 2322 836 2386 dedendos
865 2323 1045 2386 censuerint.
1075 2333 1209 2387 ceterum

144 2409 314 2491 .proximis
335 2410 508 2471 censoribus
532 2410 610 2471 odeo
632 2410 773 2471 omnibus
791 2410 872 2471 notis
887 2410 1119 2491 ignominiisque
1134 2430 1210 2473 con·

167 2492 264 2557 sectos
278 2506 366 2574 esse,
388 2507 424 2559 ut
449 2495 573 2577 quidam
598 2515 701 2558 eorum
725 2507 856 2559 mortem
887 2495 944 2557 sibi
971 2496 1028 2577 ipsi
1054 2495 1210 2579 extemplo

165 2582 385 2646 consciverint:
408 2583 500 2646 ceteri
520 2604 583 2646 non
609 2581 676 2644 loro
699 2582 798 2646 'solum
824 2583 906 2646 omni
931 2581 1041 2646 deinde
1060 2582 1134 2662 vite,
1155 2582 1210 2646 sed

164 2689 260 2751 prope
275 2669 342 2732 lnce
360 2669 550 2753 acpubl'mo,
575 2669 736 2732 caruerint.
781 2667 889 2732 Mirari
915 2671 1024 2752 magis,
1046 2670 1124 2732 adeo
1144 2669 1209 2732 dis-

163 2774 287 2838 crepare
322 2757 402 2818 inter
436 2767 587 2834 suctores,
624 2776 726 2837 quam,
762 2754 836 2837 quid
867 2756 929 2818 veri
961 2757 1011 2834 sit,
1039 2756 1208 2818 discernere

166 2860 267 2922 quens.
311 2841 436 2918 Quanto
461 2854 563 2914 autem
586 2840 684 2922 major
709 2852 767 2904 ea¹
794 2841 895 2904 clades
922 2842 1122 2925 superioribus
1145 2843 1209 2905 cle·

165 2927 254 2990 dibus
269 2928 370 3007 luerit,
389 2928 437 2990 vel
460 2949 497 2990 oa
519 2949 567 2990 res
587 2928 701 2990 indicio
721 2939 780 3004 est,
800 2929 891 3010 quod,
915 2929 967 3009 qui
992 2928 1144 2991 sociorum
1170 2929 1209 2990 ad

165 3032 235 3074 enm
258 3013 338 3074 diem
362 3013 441 3074 finni
465 3025 623 3091 steterunt,
643 3025 708 3075 tuni
732 3013 834 3074 labare
853 3026 1021 3095 coeperunt,
1038 3015 1123 3076 nulla
1137 3035 1209 3096 pro-

165 3096 251 3159 iecto
277 3098 400 3159 eliade
425 3120 467 3175 re,
492 3118 585 3178 quam
617 3099 698 3178 quod
725 3099 959 3178 desperaverant
997 3099 1036 3160 de
1070 3100 1209 3182 imperio.

166 3185 193 3222 ¹⁸
201 3180 351 3245 Defecere
377 3195 480 3246 eutem
505 3183 545 3246 ed
569 3182 679 3245 Poenos
702 3182 733 3244 bi
754 3183 877 3266 populi:
899 3183 1044 3262 Atellani,
1064 3183 1210 3262 Calatini,
1221 3197 1377 3256 naemu„

165 3265 304 3352 Hirpini,
327 3269 498 3352 Apulorum
523 3288 605 3352 pars,
630 3265 785 3330 Samnites
810 3278 916 3351 preter
939 3267 1076 3348 Pentros,
1095 3267 1208 3332 Bruttii
1221 3265 1318 3320 summ.

164 3375 284 3433 omnes,
297 3353 425 3418 Lucem.
437 3366 545 3438 praeter
559 3356 615 3417 bos
631 3357 656 3401 ¹⁷
665 3351 848 3432 Surrentini,
868 3366 900 3417 et
918 3353 1091 3418 Graecorum
1111 3356 1209 3418 onmis

164 3440 260 3504 ferme
282 3463 347 3520 orn,
370 3440 541 3519 Tarentini,
565 3439 784 3524 Metapontini,
808 3439 1033 3522 Crotonienses,
1048 3437 1209 3524 Locrique,

164 3539 197 3589 et
223 3526 369 3612 Cisalpini
395 3548 502 3589 omnes
526 3525 620 3591 Galli.
663 3524 731 3588 Nec
754 3539 857 3590 tanuen
872 3528 919 3590 hae
934 3527 1035 3590 clades
1059 3529 1209 3593 defectio-
1222 3543 1376 3600 Paetum

89 3652 92 3659 .
163 3633 278 3698 uesquc
299 3614 452 3676 sociorum
473 3625 645 3692 moverunt,
666 3625 703 3676 ut
723 3614 808 3695 pacis
830 3634 974 3696 umquem
988 3609 1112 3678 'mentio
1128 3616 1209 3700 apud
1222 3611 1310 3725 ἴῗῡὼ
1322 3612 1375 3664 nul.

572 3773 809 3826 *tanmem

198 3901 675 3968 “Mamuda-nummis
704 3903 753 3952 mol
778 3917 858 3952 omnes
883 3903 910 3951 hi
933 3903 1010 3967 populi
1034 3905 1149 3964 deleme,
1171 3909 1212 3958 red
1329 3912 1341 3963 l

164 3977 244 4018 centn
264 3970 389 4033 adjecimus
412 3967 443 4016 rb
467 3983 517 4030 qus,
545 3969 674 4019 vdentibus
704 3969 796 4031 quidem
816 3967 905 4030 stetim,
929 3968 1019 4030 quiden
1045 3981 1096 4033 post
1116 3985 1212 4035 sunum,

163 4033 342 4098 scriptisnomir
350 4032 497 4090 omnibnnet
508 4047 555 4081 uno
567 4034 674 4095 Hesrnii,
720 4033 797 4081 uidem
820 4033 892 4083 tertio
913 4045 954 4082 eut
975 4045 1057 4096 questo
1074 4047 1125 4099 post
1143 4051 1212 4088 tuno.

163 4099 310 4162 Antraque
337 4111 363 4148 et
389 4097 500 4162 Cannu
523 4099 670 4150 edtbdbos.
726 4109 878 4148 mesenus.
961 4100 974 4120 ⁸

164 4163 532 4229 Btriemelinsproceditoretio.
736 4162 756 4198 ¹⁷
771 4159 908 4223 Summers]
936 4163 998 4223 legs
1019 4177 1071 4211 cunr
1093 4163 1210 4214 Gronorio

201 4229 221 4262 ¹⁵
243 4227 284 4278 Ea
309 4237 331 4278 et
355 4231 402 4278 olis
428 4229 456 4276 ds
481 4229 572 4290 captiuis
592 4227 671 4295 sm]
700 4225 829 4274 Sallentini.
862 4226 923 4274 Nam
941 4227 1080 4290 Surrentini,
1099 4231 1136 4294 qui
1154 4245 1209 4280 runt

165 4289 219 4340 Vns
234 4309 287 4356 qua
302 4295 332 4344 ds
347 4296 391 4344 hee
404 4309 432 4342 re
447 4291 672 4344 hemionion.
703 4291 728 4340 ln
739 4290 869 4353 Campania
884 4307 932 4348 ors,
945 4292 1076 4342 debuissent
1089 4297 1142 4358 pml
1159 4307 1210 4360 put

164 4356 262 4407 deod.
277 4374 304 4407 n.
322 4361 375 4410 113.
391 4369 416 4408 st
432 4359 464 4406 Δ.
480 4355 576 4408 celtu
593 4371 671 4409 rite.
704 4355 833 4432 Osinium..
859 4357 1208 4412 ArSellsntinisdGroecorum

650 4484 657 4497 .
701 4432 899 4486 mpemness
