3092 5200
332 392 385 449 ¹88
673 417 677 424 -
733 384 817 447 'nm
835 384 935 446 ntv11

159 548 300 670 {lgm
325 542 453 627 placuit,
475 560 568 623 quum
589 542 690 626 pretio
711 542 829 606 minore
853 541 1020 605 redimendi
1043 542 1180 628 captivos
1202 544 1294 627 copia
1314 544 1369 609 lic·

326 640 385 692 ret.
1378 632 1385 647 ¹

370 710 484 777 LVIII.
506 712 646 799 Namque
668 711 835 793 Hannibal,
856 714 1020 777 secundum
1046 724 1110 777 tam
1135 736 1313 799 prosperam
1328 718 1369 780 ad

327 800 450 865 Cannas
472 820 619 883 pugnam,
642 801 766 863 victoris
789 801 898 884 magis,
921 822 1011 882 quam
1035 801 1147 864 bellum
1162 804 1305 885 gerentis,
1320 804 1369 866 in·

324 899 430 951 tentus
459 888 550 965 curis,
581 907 685 969 quum,
715 887 841 970 captivis
874 887 1030 969 productis
1060 890 1296 972 segregatisque,
1318 911 1369 951 so-

327 975 423 1053 ciosl’,
438 973 517 1035 sicut
531 984 603 1036 ante
619 974 658 1035 ad
671 970 814 1035 Trebiam
829 971 1098 1057 Trasimenumque
1113 974 1224 1054 lacum,
1238 976 1370 1057 benigne

326 1060 496 1140 adlocutus,
520 1060 584 1122 sine
608 1060 706 1142 pretio
729 1058 914 1138 dimisisset3
939 1059 1094 1122 Romanos
1109 1081 1228 1144 quoque
1242 1072 1368 1125 vocatos

329 1144 427 1229 (quod
449 1166 614 1228 numquam
629 1145 704 1209 alias
719 1146 823 1227 antea)
848 1146 922 1209 satis
937 1147 1005 1209 miti
1021 1168 1159 1210 sermone
1175 1147 1368 1229 adloquitur:

160 1230 300 1285 ΜΝ
326 1231 424 1294 ‘Non
439 1232 660 1296 intemecinum
674 1232 731 1294 sibi
753 1254 819 1295 esse
834 1254 904 1295 cum
923 1230 1070 1295 Romanis
1087 1233 1221 1295 bellum:
1239 1234 1285 1317 ‚de
1300 1234 1368 1315 dig·

160 1299 273 1379 “⁸3⁰³
325 1318 450 1382 ‘nitate
465 1332 556 1402 atque
571 1318 699 1403 imperio
713 1330 840 1381 certare.
866 1318 907 1382 Et
918 1328 1018 1403 patres
1029 1319 1132 1382 virtuti
1143 1318 1290 1383 Romanae
1302 1341 1368 1383 ces·

158 1374 262 1481 w
326 1405 340 1441 ‘
352 1406 445 1469 sisse:
468 1418 501 1469 et
515 1427 548 1467 se
563 1406 595 1469 id
609 1405 718 1485 adniti,
732 1417 768 1468 ut
782 1428 841 1468 suae
853 1406 884 1467 in
899 1405 996 1467 vicem
1009 1406 1097 1467 simul
1109 1405 1249 1469 felicitati
1261 1418 1293 1469 et
1306 1406 1366 1468 vir-

327 1491 412 1555 ‘tuti
438 1493 574 1555 cedatur.
617 1491 724 1574 ltaque
749 1492 917 1555 redimendi
933 1512 965 1553 se
980 1493 1108 1576 captivis
1123 1494 1242 1576 copiam
1257 1492 1368 1555 faeere.

326 1577 483 1661 ‘pretium
498 1579 563 1641 fore
578 1578 610 1640 in
625 1580 737 1661 capita,
748 1579 844 1660 equiti
855 1582 879 1618 ⁹¹
891 1579 1060 1661 quingenos
1072 1580 1266 1662 quadrigatos
1277 1598 1368 1640 uum·

326 1664 429 1745 ‘mos,
444 1678 583 1729 trecenos
598 1665 704 1749 pediti,
719 1686 805 1727 servo
816 1662 980 1727 centuma’
1025 1664 1217 1748 Quamquam
1228 1666 1368 1747 aliquan·

160 1756 305 1837 Ιρμίαρ-
325 1762 393 1814 tum
408 1750 608 1833 adjiciebatur
622 1751 773 1833 equitibus
799 1751 838 1814 ad
865 1750 897 1812 id
919 1750 1061 1834 pretium,
1086 1753 1168 1833 quod
1191 1752 1370 1834 pepigerant

159 1834 269 1878 um·
326 1833 473 1899 dedentes
488 1860 539 1916 se3
556 1838 617 1900 laeti
631 1850 735 1901 tamen
745 1858 967 1921 quamcumque
976 1840 1185 1901 conditionem
1196 1836 1370 1921 paciscendi

326 1936 518 2007 acceperunt.
563 1922 681 1987 Placuit
692 1924 836 2009 suffragio
850 1924 985 2008 ipsorum
1000 1925 1106 1987 decem
1119 1924 1221 2005 deligi,
1237 1925 1289 2005 qui
1301 1922 1374 1986 Ro:

325 2030 409 2074 mam
425 2010 465 2072 ad
479 2022 618 2073 senatum
632 2008 721 2075 irent.
738 2034 794 2073 nec
809 2012 918 2159 piqqus
934 2011 1016 2074 aliud
1031 2011 1111 2090 fidei,
1122 2030 1213 2092 quam
1228 2021 1264 2073 ut
1281 2008 1370 2092 jura-¹

325 2108 396 2160 rent
410 2119 443 2159 se
458 2098 619 2176 redituros,
634 2110 806 2184 acceptum.
888 2098 964 2161 issus
976 2118 1045 2159 cum
1058 2098 1104 2159 his
1116 2094 1266 2159 Karthalo
1277 2096 1370 2158 nobi·

326 2183 364 2269 lis
376 2180 657 2266 Karthaginiensis:
679 2185 741 2265 qui,
750 2186 776 2245 si
788 2184 868 2247 forte
878 2184 918 2246 ad
929 2204 1035 2267 pacem
1048 2183 1228 2246 inclinarent
1236 2182 1368 2261 animos,

326 2268 517 2333 conditiones
537 2269 640 2332 ferret.
684 2269 787 2341 Quum
802 2271 912 2353 egressi
927 2270 1033 2332 castris
1047 2280 1157 2348 essent,
1172 2290 1249 2331 unus
1264 2290 1302 2331 ex
1318 2269 1368 2347 iis,

326 2354 452 2419 minime
467 2354 599 2418 Romani
614 2356 727 2440 ingenii
742 2357 848 2437 bomo,
863 2356 978 2419 ”velut
987 2356 1102 2437 aliquid
1112 2356 1235 2434 oblitus,
1246 2354 1369 2437 ”juris-

321 2440 446 2525 jurandi
461 2442 595 2505 solvendi
610 2463 717 2505 caussa
731 2462 823 2525 quum
838 2444 870 2506 in
886 2453 987 2507 castra
1001 2444 1140 2522 redisset,
1160 2452 1230 2504 ante
1245 2450 1369 2503 noctem

327 2529 457 2591 comites
480 2529 664 2612 adsequitur.
708 2526 771 2592 Ubi
787 2551 839 2592 eos
854 2529 986 2593 Romam
1002 2530 1104 2592 venire
1119 2529 1296 2591 nunciatum
1311 2534 1375 2606 est,

327 2612 511 2679 Karthaloni
535 2617 655 2679 obviam
677 2617 768 2680 lictor
788 2617 907 2695 missus,
931 2619 982 2700 qui
1004 2617 1161 2680 dictatoris
1176 2616 1273 2679 verbis
1287 2634 1367 2676 nun-

276 2702 280 2712 “
327 2702 434 2781 ciaret,
445 2715 480 2766 ut
494 2714 564 2766 ante
580 2715 702 2769 noctem
718 2705 880 2768 excederet
894 2704 1003 2778 finibus
1019 2703 1176 2766 Romanis.
1308 2707 1310 2714 ’

158 2795 249 2878 m
370 2785 595 2875 LDI‘Isegatis
618 2793 804 2876 captivorum
829 2802 951 2854 senatus
974 2791 1013 2852 ab
1037 2790 1184 2854 dictatore
1209 2789 1296 2852 datus
1311 2795 1367 2851 est'.

159 2861 270 2932 μὴ
327 2877 463 2953 Quorum
478 2879 618 2964 princeps
633 2877 680 2940 M.
690 2874 812 2957 lunius,
826 2875 951 2941 ‘Patres
963 2875 1149 2961 conscripti,'
1161 2876 1270 2959 inquit,
1290 2875 1367 2936 ‘ne-

158 2929 235 3048 w
243 2929 339 3003 Μ’(
353 2987 405 3030 mo
420 2968 587 3031 unostrilm
608 2966 738 3048 ignorat,
761 2964 836 3027 nulli
851 2983 995 3046 umquam
1011 2964 1128 3027 civitati
1142 2963 1260 3025 viliores
1275 2961 1367 3024 fuisse

327 3054 339 3090 ‘
354 3053 499 3137 captivos,
514 3073 605 3135 quam
616 3065 733 3115 nostrie.
754 3051 908 3130 Ceterum,
919 3050 977 3111 nisi
990 3050 1077 3112 nobis
1087 3049 1154 3132 plus
1164 3047 1249 3132 justo
1265 3060 1369 3110 nostra

328 3140 453 3224 ‘placet
461 3159 645 3219 caussa,non
655 3139 706 3218 alii
716 3158 861 3222 umquam
872 3138 971 3200 minus
980 3135 1161 3218 neglegendi
1170 3135 1267 3214 vobis,
1277 3153 1368 3217 quam

327 3221 1368 3309 ‘nos,inhostiumpotestatemvenerunt.noneniminaciepertimo·

328 3313 341 3348 ‘
354 3333 419 3374 rem
428 3334 513 3375 arma
520 3312 700 3375 tradidimus
705 3334 715 3391 3
728 3312 793 3390 sed,
804 3331 897 3394 quum
906 3331 1000 3394 prope
1011 3308 1050 3370 ad
1061 3321 1184 3371 noctem
1196 3317 1368 3391 superstan-

328 3398 341 3434 ‘
354 3409 401 3460 tes
411 3399 538 3472 cumulis
544 3419 854 3480 casurumcorporum
863 3393 1291 3481 proeliumextraxissemus,in
1301 3413 1368 3454 cas·

329 3483 648 3566 ‘trarecepimusnoa
669 3477 1367 3566 Dieireliquumacnocteminsequentem,lessi

330 3569 342 3602 ⁸
354 3568 458 3629 labore
466 3569 692 3647 aevulneribus,
703 3569 815 3631 vallum
826 3591 928 3631 sumus
940 3569 1040 3632 tutati.
1071 3565 1194 3630 Postero
1204 3564 1264 3642 die,
1274 3583 1368 3648 quum

330 3651 343 3687 ‘
356 3652 543 3727 circumsessi
558 3655 597 3716 ab
612 3655 747 3717 exercitu
756 3656 872 3718 victore
883 3675 962 3738 aque
973 3675 1152 3732 arceremur,
1160 3672 1217 3714 nec
1227 3651 1290 3714 ulla
1300 3649 1368 3734 jam

329 3737 1368 3827 ¹perconsertosbostesemmpeudispesessetnecessenefasducere·

329 3827 342 3861 ‘
355 3827 793 3911 nmquinquagnuamillibus
800 3829 959 3893 hominum
969 3850 1007 3891 ex
1016 3829 1081 3892 acie
1090 3823 1371 3912 nostratrucidatis,

329 4008 333 4014 .
393 3961 619 4026 'mutim
635 3961 705 4012 cm.
958 3962 1235 4024 namnetensem
1245 3959 1307 4024 Rup.
1370 4005 1373 4014 ,

358 4067 382 4107 ⁰¹
406 4065 532 4134 Μαι.
558 4067 697 4133 quadrigatas
724 4065 833 4130 eum]
865 4065 891 4115 in
908 4075 979 4115 erm
994 4065 1092 4129 redimi]
1111 4063 1174 4120 Quia
1186 4059 1372 4128 jumentam

327 4129 544 4183 Idumaeam
558 4137 583 4184 7.
597 4147 650 4183 cnm
666 4147 707 4182 sex
720 4133 794 4182 uadis
809 4142 834 4180 et
864 4141 936 4180 erun
961 4131 1081 4180 Anutbslis
1103 4132 1239 4186 redictum,
1260 4129 1372 4188 iuterpre-

327 4199 452 4246 mnae
864 4195 955 4244 tabrtur
967 4211 993 4246 ae
1008 4197 1155 4246 fraudulento
1165 4195 1204 4243 illo
1217 4193 1292 4242 reditu
1301 4189 1373 4256 juris·

359 4260 385 4297 Β
406 4261 471 4314 Velut
491 4261 588 4326 obmisi]
614 4261 669 4312 Put.
693 4263 753 4311 utar
775 4259 833 4308 illud
860 4261 1169 4326 jamdintsmemtvtse.

327 4323 421 4387 aliquit&
453 4325 833 4386 Conmmtfidisrimaaersgiir.
895 4325 917 4360 Ν
940 4323 1055 4390 Naarda]
1080 4322 1274 4390 vagemus
1312 4319 1373 4388 Mu-

326 4387 454 4504 lacum
465 4391 594 4440 Gronoviu:
610 4391 671 4440 uelat
683 4392 732 4440 illic
744 4389 835 4454 aliquod
863 4389 919 4440 tavit
933 4391 1015 4439 merito
1029 4391 1173 4444 Gronoviurs
1188 4400 1213 4440 et
1227 4389 1302 4438 firmet
1312 4399 1374 4437 unua

364 4456 371 4468 ⁸
864 4455 971 4507 κατὰ
979 4457 1044 4506 codd.

358 4517 572 4581 ”U''
565 4519 678 4570 'm
691 4533 835 4584 mquam
