3092 5200
454 323 532 385 nm.
544 323 642 384 XXV.
660 324 743 386 car.
752 323 853 384 xxn.
1122 326 1184 390 219

138 479 222 545 acies
243 478 284 542 ad
305 477 462 542 libidinem
486 477 616 542 militum
642 478 722 542 sorte
746 476 988 562 procurrentium
1010 476 1365 544 consistea-ttffltts

138 567 286 649 tiumque,
309 584 371 646 quo
386 565 455 640 loco
470 565 604 646 ipsorum
629 564 746 628 tulisset
764 564 894 642 mimus,
913 561 1023 624 deinde
1043 583 1097 643 per
1110 563 1180 624 libi·
1192 548 1331 607 mm·
1357 596 1389 626 ·.

140 651 242 724 dipem
257 663 311 714 aut
326 661 441 712 metum
463 650 666 714 deserentium
688 649 802 712 locum.
823 649 922 731 prima
940 647 1023 729 legio
1044 663 1078 710 et
1101 647 1182 710 ”si-

138 737 234 818 nistra
260 736 310 800 ala
332 736 364 798 in
384 735 483 818 primo
502 736 666 814 instmctae,
692 747 724 798 et
746 736 780 798 in
796 734 1022 816 ,longitudinem
1039 745 1182 814 porrecta

140 823 232 896 acies.
246 821 447 884 clamantibus
462 822 600 900 tribunis,
620 821 717 884 ‘nihil
731 821 878 884 introrsus
893 819 1009 882 roboris
1025 839 1061 879 ac
1073 819 1182 882 virium

140 909 152 941 ‘
166 929 245 985 esse,
260 920 301 986 et,
316 928 505 988 quecumque
521 908 657 992 inpetum
677 907 799 970 iecisset
813 904 942 984 hatab,
957 919 1151 988 permpturos
1160 902 1181 968 ι’

140 995 218 1058 nihil
226 1005 250 1073 ⁶,
265 994 345 1075 quod
359 993 491 1056 salutare
503 1005 593 1073 esset,
608 1015 668 1056 non
685 993 778 1056 modo
793 992 833 1054 ad
847 993 994 1068 animum,
1014 989 1071 1054 sed
1089 1012 1128 1053 nc
1142 990 1183 1056 ad

141 1101 229 1142 aures
240 1075 364 1161 quidem
374 1080 590 1144 admittebant.
606 1079 652 1164 Et
666 1077 834 1157 Hannibal,
849 1079 1081 1160 haudquaquam
1096 1078 1183 1141 simi·

140 1165 177 1228 lis
201 1166 274 1244 dux,
299 1187 397 1248 neque
420 1166 511 1230 simili
536 1166 681 1244 exercitu,
705 1186 804 1247 neque
827 1165 872 1228 ita
894 1165 1042 1228 instructo
1067 1163 1184 1226 aderat.

142 1271 215 1334 ergo
240 1273 279 1314 ne
304 1253 468 1315 clamorem
493 1253 615 1334 quidem
644 1263 738 1334 atque
761 1251 899 1334 inpetum
923 1250 1053 1333 primurn
1069 1269 1185 1316 'eorum

141 1333 273 1411 Romani
296 1338 474 1402 sustinuere.
516 1337 599 1412 Dux,
622 1337 753 1401 stultitia
778 1350 812 1400 et
836 1337 1008 1400 temeritate
1033 1334 1184 1400 Centenio
1293 1348 1299 1356 '

140 1444 206 1508 par,
221 1425 324 1500 animo
344 1444 534 1505 nequaquem
555 1424 788 1508 comparandus,
809 1424 861 1486 ubi
874 1445 939 1488 rem
955 1422 1133 1485 inclinatam
1147 1442 1185 1488 ae

142 1510 329 1591 trepidantes
339 1531 409 1572 suos
423 1511 509 1589 vidit,
525 1531 603 1592 equo
615 1511 741 1592 adrepto
757 1531 827 1572 cum
838 1508 977 1573 discentis
989 1509 1084 1571 ferme
1097 1507 1185 1590 equi·

143 1596 225 1659 tibus
249 1595 374 1676 effugit:
397 1607 500 1658 cetera
522 1617 542 1657 a
564 1597 665 1658 fronte
688 1595 785 1678 pulsa,
806 1599 833 1636 ²⁸
857 1594 900 1658 a‘¹
921 1607 1007 1677 tergo
1021 1608 1114 1675 atque
1128 1593 1185 1658 elis

142 1682 349 1744 circumventa
360 1682 453 1758 acies,
466 1702 607 1762 eousque
622 1693 767 1760 estcass,
781 1679 1187 1763 utexduodevigintimilli·
1259 1685 1266 1694 '
1310 1679 1322 1696 ⁶

143 1768 201 1844 hus
227 1767 396 1848 hominurn,
422 1767 484 1830 duo
512 1769 608 1830 millia
637 1768 719 1830 haud
743 1768 873 1850 amplius
897 1768 1056 1830 evaserint.
1078 1765 1187 1830 castris

145 1853 248 1916 hostes
262 1854 353 1934 potiti
367 1864 448 1916 sunt.
767 1900 783 1919 .
1094 1883 1102 1892 ·

186 1936 291 2000 XXII.
314 1937 371 2002 He
391 1939 504 2017 clades,
523 1959 612 2022 super
627 1939 719 2002 aliam
740 1940 811 2018 alia,
831 1938 964 2002 Murem
977 1957 1071 2022 qomn
1085 1949 1188 2014 essent

145 2024 307 2102 nunciata,
331 2025 438 2106 ingens
456 2026 578 2106 quidem
598 2037 630 2088 et
649 2026 747 2088 luctus
766 2039 799 2088 et
812 2047 907 2108 pavor
922 2026 1080 2090 ciuitatem
1094 2025 1189 2106 cepit.

144 2109 200 2185 sed
214 2121 329 2188 tamen,
344 2112 417 2192 quia
431 2113 580 2188 consules,
591 2112 642 2173 ubi
657 2132 777 2174 summa
787 2132 885 2174 rerum
901 2123 991 2190 esset,
1005 2111 1088 2173 adid
1103 2111 1189 2189 lopo·

145 2217 213 2282 rum
237 2199 415 2278 “prospere
442 2217 506 2258 rem
529 2209 680 2278 gererent,
704 2198 805 2260 minua
821 2199 870 2260 his
893 2197 1029 2260 cladibus
1050 2216 1189 2259 commo-

146 2282 303 2352 vebantur.
346 2281 476 2364 legatos
502 2283 542 2344 ad
567 2283 705 2346 consules
732 2285 860 2346 mittunt
884 2283 920 2344 C.
943 2281 1116 2360 latorium,
1139 2279 1189 2344 Μ.

148 2365 313 2447 Metilium,
336 2369 386 2450 qui
412 2368 602 2447 nunciarent,
626 2379 661 2432 ut
685 2369 824 2451 reliquias
848 2369 976 2431 duomm
1001 2368 1189 2432 exercituum

147 2473 217 2516 cnm
247 2475 321 2516 cura
342 2454 557 2537 conlegarem:
581 2455 747 2536 darentque
770 2476 906 2539 operam,
929 2475 969 2518 nc
998 2463 1191 2536 permenam

116 2600 119 2605 .
145 2559 184 2619 ac
198 2539 443 2623 desperationem
461 2541 543 2605 hosti
567 2563 599 2605 se
613 2541 768 2620 dederent,
798 2541 844 2621 (id
859 2541 940 2624 quod
955 2552 1026 2624 post
1046 2539 1190 2604 Cannen-

147 2648 212 2701 sem
226 2628 390 2693 accidisset
408 2628 539 2710 cladem)
564 2639 596 2692 ct
610 2640 645 2691 ut
659 2630 828 2693 desertores
843 2628 883 2692 dc
897 2628 1034 2693 exercitu
1046 2628 1190 2693 volonum

146 2714 368 2797 conquirerent.
412 2715 497 2778 ldcm
520 2716 635 2798 negotii
660 2715 694 2779 P.
709 2714 853 2779 Cornelio
867 2717 985 2794 datum,
1010 2716 1060 2779 cui
1082 2726 1114 2778 et
1134 2716 1189 2782 de·

148 2798 247 2863 lectus
262 2801 425 2873 mandatus
441 2813 526 2865 erate
549 2803 632 2885 isque
653 2823 708 2885 per
729 2802 798 2866 fora
810 2803 1069 2884 conciliabulaque
1083 2802 1191 2881 edixit,

148 2896 183 2949 ut
207 2888 388 2967 conquisitio
409 2887 551 2949 v'olonum
574 2888 673 2966 fieret,
694 2889 775 2970 iique
796 2889 835 2951 ad
862 2890 951 2969 signa
970 2889 1192 2953 reducerentur.

147 2968 223 3033 Haec
247 2972 351 3034 omnia
376 2973 579 3035 intentissima
604 2994 678 3035 cura
696 2985 777 3037 ncta.
818 2972 879 3056 Ap.
902 2974 1049 3037 Claudius
1074 2974 1192 3052 consul,

147 3054 189 3117 D.
206 3054 313 3130 ,lunio
337 3057 378 3119 ad
407 3058 518 3121 ostium
543 3055 697 3137 Vulturni,
723 3057 771 3120 M.
790 3058 915 3121 Aurelio
932 3058 1193 3131 Cotta,Puteolia

147 3141 323 3225 preposito,
344 3142 407 3224 qni,
433 3154 467 3205 ut
485 3163 610 3225 queque
630 3166 722 3207 naves
738 3164 778 3207 ex
800 3143 922 3207 Etruria
935 3142 1126 3208 acSardinia
1137 3166 1192 3209 ac·
1238 3172 1241 3179 ·

145 3227 321 3305 qessisscnt,
352 3229 506 3311 extemplo
530 3230 561 3291 in
586 3242 687 3293 castra
711 3231 869 3293 mitterent
897 3230 1105 3307 framentum
1127 3230 1193 3313 ipse

147 3312 190 3377 ad
206 3311 343 3395 Capuam
358 3334 519 3395 regressus,
545 3315 584 3387 Q.
596 3314 732 3379 Fulvium
754 3316 904 3398 collegam
926 3317 1042 3381 invenit
1064 3320 1091 3355 ²⁶
1104 3315 1193 3380 Casi-

147 3398 213 3478 lini,
237 3398 341 3462 omnia
366 3400 437 3463 inde
464 3411 657 3483 portantem⁶
678 3402 914 3485 molientemque
939 3404 980 3465 ad
1012 3404 1193 3486 obpugnan-

212 3544 225 3581 ὓ
231 3545 336 3612 saciarent
347 3546 414 3595 tora
425 3547 498 3595 Gran.
510 3534 579 3597 Crev.
705 3558 716 3584 θ
732 3552 765 3600 nil
775 3550 840 3601 lired.
958 3547 972 3584 ‘¹
983 3568 997 3599 c
1008 3550 1045 3601 del
1056 3551 1130 3603 Gran.

277 3642 280 3650 ι
424 3611 548 3661 'Casilirn
557 3614 791 3677 wnicimportantn
801 3616 953 3669 Gran-Cret.

180 3724 204 3763 Β
232 3726 330 3777 Sarna
351 3729 401 3793 alo]
430 3731 524 3783 Soanta
547 3734 660 3784 exercitu
690 3734 756 3786 sciri.
772 3736 1176 3805 camoefimtmtscago.

149 3806 163 3840 ι
186 3791 298 3841 &mann
320 3794 461 3847 dividebatur
483 3798 507 3847 in
533 3800 579 3847 duo
607 3816 658 3849 car·
721 3800 745 3835 0⁶
761 3800 866 3865 Prqm
879 3819 925 3851 m
937 3804 1050 3867 purant]
1063 3804 1198 3867 Olimpm.

149 3870 225 3920 porr:
252 3857 350 3909 alteram
378 3862 522 3924 appellabant
548 3866 658 3913 mum
689 3880 740 3927 pan
752 3876 863 3927 emme.
895 3866 1025 3917 Gronovius
1041 3884 1114 3931 querar
1129 3885 1197 3934 repe·

146 3920 217 3979 ¹saluar,
240 3920 335 3981 alrerrar
361 3926 480 3979 siniam.
528 3928 610 3991 ltaque
631 3930 654 3977 id
686 3930 742 3978 riret
758 3932 783 3978 ia
800 3932 887 3981 duobus
898 3932 970 3979 MSS.
981 3933 1027 3983 rel.
1037 3934 1197 3997 opimum·

147 3986 354 4063 &aemulata
371 3991 576 4055 roeiatiarcreira,
593 3994 655 4057 qaod
683 4006 881 4059 mgnum,
898 3998 992 4047 tscirid
1008 3998 1196 4061 quarantula

146 4048 213 4113 igis,
228 4052 381 4103 ainamma·
425 4056 488 4107 Hinc
504 4057 577 4122 priore
595 4059 656 4120 lap'n
685 4072 820 4109 ecorum&
889 4084 894 4092 >

147 4124 174 4163 et
184 4117 276 4167 statua
293 4118 328 4167 rla
342 4119 448 4171 lroclow
454 4125 591 4201 pungamur,
603 4135 654 4173 tra·
718 4124 740 4159 ὕ
756 4124 1099 4192 statuminum]
1111 4126 1193 4183 Quam

148 4192 333 4298 miscam
342 4186 460 4310 ididrirdliir
468 4200 654 4317 gdiffiaiiil'
686 4187 1097 4321 ffideqqqeqaffimmmfrm
1113 4259 1194 4319 legari.

146 4322 206 4418 fan.
228 4308 301 4358 Fuere
319 4316 407 4378 pedites
423 4318 487 4367 mcii.
518 4317 576 4369 Vid.
591 4318 654 4383 lips.
686 4318 741 4367 duat
752 4319 797 4370 sits
811 4320 916 4385 atteg-
930 4324 1013 4371 imrit
1029 4322 1133 4383 Casilini,
1146 4338 1192 4373 m·

160 4373 519 4432 neminemnam.
685 4384 1193 4452 nannmtncaeptnvt·

180 4432 654 4509 ”Atwnmunlatetteraattasn
687 4449 821 4505 rorando.
876 4481 891 4520 .·
938 4475 942 4481 ·
998 4478 1003 4498 .
1131 4497 1137 4507 .
