3092 5200
465 349 542 412 Llli.
557 349 649 414 XX1.·
662 349 744 412 CAP.
758 346 888 410 XXXV.
1164 356 1202 410 ⁴1

154 506 221 590 ejus
233 506 363 591 regionis
374 518 450 587 erat,
465 508 639 591 viculosque
648 507 862 593 circumjectos
878 505 973 591 eupit,
983 519 1017 572 et
1027 507 1197 591 i⁴captivo·
1213 526 1247 576 u.
1257 525 1288 579 c.
1299 527 1376 577 53⁴:

156 607 240 656 rum·
254 595 412 678 pecoribus
433 616 486 678 per
510 596 644 658 triduum
668 596 836 660 exercitum
858 594 942 657 aluit.
962 607 995 656 et
1018 596 1091 676 qnia
1107 600 1199 659 ⁴‘nee
1216 591 1355 642 A.c.218.

155 680 308 744 montanis
321 682 421 764 primo
435 683 591 764 perculsis,
602 703 660 744 nec
675 683 744 744 loeo
759 701 944 766 magnopere
954 682 1199 766 inpediebantur,

154 768 343 848 aliquantum
359 789 398 830 eo
413 768 514 830 triduo
528 770 583 832 viae
597 767 742 832 confecit.

196 851 345 916 XXXIV.
367 852 546 918 Perventum
562 855 635 918 inde
650 855 689 916 ad
707 855 898 938 frequentem
915 856 1079 919 cultoribus
1093 857 1199 936 alium,

153 950 188 1001 ut
199 940 279 1002 inter
290 952 446 1020 montana,
462 942 617 1026 populum.
633 941 673 1004 ibi
689 963 752 1006 non
767 943 849 1005 bello
859 954 977 1028 aperto,
985 942 1039 1004 sed
1050 944 1111 1006 suis
1123 944 1198 1006 arti-

153 1025 220 1106 bus,
245 1028 361 1106 fraude,
382 1027 492 1090 deinde
517 1028 635 1090 insidiis
651 1040 698 1091 est
711 1051 806 1114 prope
821 1030 1052 1093 circumventus.
1079 1028 1210 1112 Magno*
1237 1075 1240 1079 ›

154 1125 229 1176 natu
242 1114 395 1198 principes
404 1115 597 1178 castellorum
609 1127 744 1178 oratores
760 1117 801 1178 ad
811 1115 936 1178 Poenum
944 1118 1085 1197 ueniunt:
1102 1117 1113 1150 ‘
1122 1118 1207 1178 alie·v
1236 1151 1240 1158 -

154 1199 227 1262 ‘nis
242 1201 341 1280 malis,
364 1201 431 1264 utili
454 1202 606 1284 exemplo,
627 1201 756 1282 doctos,'
776 1214 991 1281 memorantes,
1006 1203 1017 1236 ‘
1031 1204 1199 1266 amicitiam
1236 1256 1239 1259 .

154 1287 164 1318 ‘
180 1286 283 1365 melle,
297 1307 390 1370 quam
401 1287 461 1350 vim
473 1289 603 1372 experiri
615 1288 789 1369 Poenorum,
799 1290 903 1371 itaque
914 1289 1092 1370 obedienter
1100 1290 1198 1373 impe-

152 1372 245 1434 ‘rata
271 1373 416 1452 facturos,
442 1388 647 1438 commeatum
674 1375 851 1458 itinerisque
877 1377 980 1454 duces,
1004 1388 1036 1439 et
1050 1377 1091 1437 ad
1105 1376 1205 1444 fidem,

153 1459 395 1542 ‘promissorum
410 1461 532 1544 obsides
547 1460 722 1544 acciperet!
766 1462 921 1526 Hannibal
935 1483 994 1524 nee
1005 1474 1119 1526 temere
1132 1485 1200 1525 ere-

153 1546 267 1624 dendo,
281 1566 338 1609 nee
354 1548 603 1630 aspernandam
618 1548 768 1631 repudiati
784 1562 889 1633 aperte
903 1550 1008 1612 hostes
1016 1549 1132 1628 fierent,
1144 1551 1198 1611 be-

154 1631 249 1713 nigne
264 1651 358 1712 quum
372 1634 575 1714 respondisset
588 1657 597 1711 ς
620 1635 787 1714 obsidibus,
812 1655 886 1717 quos
901 1636 1032 1714 dabant,
1054 1637 1199 1718 acceptis,

155 1729 189 1779 et
202 1729 387 1796 commeatu,
398 1738 489 1799 quem
504 1719 537 1779 in
550 1719 630 1780 viam
645 1720 703 1801 ipsi
718 1721 899 1799 detulerant,
912 1743 994 1799 usus,
1007 1743 1200 1804 nequaquam

155 1812 191 1864 ut
213 1803 294 1866 inter
315 1814 452 1886 pacatos,
478 1805 651 1886 composito
676 1805 799 1886 agmine
822 1806 915 1867 duces
930 1827 1036 1868 eorum
1057 1809 1201 1888 sequitur.

153 1887 291 1950 Primum
306 1911 416 1970 agmen
433 1889 590 1972 elephanti
605 1900 636 1951 et
646 1891 763 1971 equites
775 1902 881 1953 eraut:
905 1891 971 1974 ipse
985 1904 1136 1974 post-*cnm
1151 1915 1201 1954 ro·

153 1975 227 2036 bore
237 1974 386 2057 peditum,
395 1976 653 2056 circumspectans
664 1975 892 2057 sollicitusque·
903 1978 1018 2056 omnia,
1028 1977 1201 2042 incedebat.

154 2057 216 2122 Ubi
233 2062 263 2122 in
279 2061 485 2142 angustiorem
501 2060 583 2122 viam
597 2081 637 2124 ex
645 2073 732 2142 parte
744 2061 844 2123 altera
850 2060 1105 2145 subjectamjugo
1117 2064 1203 2145 insu-

153 2168 207 2230 per
222 2147 383 2210 inminenti
393 2157 517 2210 ventum
533 2159 589 2226 est,
605 2148 739 2229 undique
755 2169 795 2210 ex
806 2147 923 2210 insidiis
932 2149 1051 2210 barbari
1063 2151 1201 2229 atroam,

153 2235 192 2296 ab
216 2244 303 2316 tergo
330 2235 439 2312 coorti,
463 2235 602 2296 corninus
625 2235 742 2296 eminus
766 2245 895 2318 petunt:
918 2255 994 2296 saxa
1016 2236 1153 2318 ingentia
1168 2239 1200 2299 in

154 2340 264 2402 agmen
279 2319 459 2383 devolvunt:
484 2321 620 2384 maxima
642 2321 680 2382 ab
706 2332 795 2403 tergo
810 2321 855 2383 vis
871 2321 1030 2385 hominum
1041 2323 1200 2405 urguebat.

155 2409 181 2446 ‘⁶
189 2406 221 2468 in
236 2427 287 2468 eos
302 2427 387 2468 versa
402 2406 539 2490 peditum
564 2409 646 2470 acies
669 2408 750 2470 haud
776 2407 902 2470 dubium
921 2408 1006 2487 iecit,
1032 2410 1115 2490 quin,
1139 2411 1197 2472 nisi

155 2492 277 2556 firmate
297 2505 434 2556 extrema
459 2495 590 2576 agminis
611 2494 748 2573 luissent,
768 2495 875 2578 iugens
891 2494 923 2556 in
934 2516 976 2557 eo
991 2496 1070 2558 saltu
1084 2497 1199 2580 aecipi-

154 2579 234 2643 enda
258 2579 361 2645 clades
387 2579 486 2643 fuerit.
529 2579 618 2644 Tune
633 2602 754 2667 quoque
772 2582 814 2645 ad
833 2592 1004 2645 extremm
1018 2582 1146 2667 periculi
1161 2605 1199 2647 ae

153 2688 247 2750 prope
262 2666 429 2749 perniciem
444 2679 568 2730 ventum
584 2680 649 2731 est:
674 2689 756 2747 nam,
773 2669 846 2732 dum
867 2680 1029 2731 cunctatur
1043 2668 1199 2733 Hannibal

152 2752 337 2817 demittereb
353 2764 485 2837 agmene
501 2755 532 2817 in
548 2753 723 2837 angustias3
748 2756 821 2837 quia
835 2755 1031 2837 non,utipse
1047 2757 1199 2837 equitibus

153 2840 292 2922 presidio
308 2852 385 2919 erat,
398 2840 442 2902 ita
456 2841 608 2925 peditibus
623 2841 790 2923 quidquam
805 2842 844 2904 ab
852 2852 940 2923 tergo
955 2842 1060 2905 auxilii
1069 2843 1199 2925 relique-

153 2936 215 3004 ταις
231 2927 428 2991 obcursantes
437 2947 492 3009 per
503 2928 628 3009 obliqua
637 2928 789 3006 montani,
797 2926 944 3014 perrupto
954 2929 1058 2991 medio
1068 2931 1199 3012 agmine,

152 3012 234 3074 viam
249 3013 407 3091 insedere3
431 3034 552 3095 noxque
574 3035 638 3075 una
652 3012 821 3076 Hannibali
846 3016 912 3077 sine
935 3016 1086 3097 equitibus
1108 3029 1201 3098 atque

153 3095 372 3180 inpedimentis
388 3110 459 3161 acta
472 3110 530 3161 est.

197 3181 332 3245 XXXV.
348 3182 474 3246 Postero
489 3183 549 3261 die,
560 3184 763 3265 jam'segnius
775 3184 1046 3247 intercursantibus
1053 3186 1201 3262 barbaris,
1246 3190 1249 3193 ’

148 3270 268 3355 juncte
283 3269 389 3352 copiae,
398 3270 554 3350 saltusque
574 3270 686 3331 ‘ihaud
708 3270 772 3331 sine
788 3269 875 3331 clade
894 3267 1021 3349 (majore
1036 3283 1140 3333 tamen
1150 3270 1201 3352 ju·

152 3368 339 3435 mentorum,
354 3376 447 3437 quam
466 3355 635 3434 homiuum,
656 3352 803 3437 pernicie)
825 3365 999 3437 superatus:
1022 3356 1094 3419 inde
1113 3377 1202 3418 mon-

151 3444 219 3507 tani
234 3442 390 3525 pauciores
401 3440 479 3523 jam,
496 3452 528 3502 et
542 3440 693 3503 latrocinii
709 3442 807 3522 magis
823 3461 914 3523 quam
932 3442 1002 3504 belli
1017 3463 1113 3521 more,
1126 3464 1200 3505 eon-

184 3625 194 3652 Ι
207 3618 340 3681 cuptirnmm
350 3616 368 3665 l.
378 3614 581 3680 cuptimsrnmmto
590 3630 618 3664 uc
627 3612 701 3665 Doer.
712 3614 773 3679 Rup.
865 3621 884 3677 ,ί
897 3616 1003 3665 sollicitus
1011 3618 1087 3667 Grau.
1097 3617 1167 3669 Cres.

279 3680 414 3731 termitem
422 3680 496 3731 Doer.
725 3681 893 3745 tammum.
903 3681 1061 3734 (immersu.

183 3820 205 3855 ⁴⁴
237 3818 378 3881 Captivorum
402 3815 524 3881 pecoribus]
558 3816 660 3868 Videtur
691 3834 768 3882 noque
778 3820 876 3882 periculi
886 3818 1029 3880 terrentius,⁴
1041 3825 1159 3885 ingentem
1176 3825 1201 3873 in

151 3887 222 3935 fuisse
232 3882 269 3933 vel
281 3886 372 3947 captivis
383 3883 505 3945 prwriiur,
523 3882 560 3931 vel
575 3886 660 3945 captim
692 3900 722 3933 eo
731 3884 791 3932 saltn
802 3884 890 3934 cladem
900 3888 1054 3951 accipiendam
1065 3890 1145 3953 fabre,
1157 3890 1201 3935 nisi

136 3952 231 4013 'pecore
264 3948 430 4013 Scriprinortri
440 3949 523 4012 partim
534 3951 660 4009 erptisiroo
692 3948 1202 4015 firmatevalidopraeridioantremaagminis

150 4014 365 4078 pecoribur,parrim
376 4016 588 4075 coptitoocpeevrr.
693 4014 800 4065 fuirunt.
839 4014 902 4064 Tune
918 4033 1012 4079 quoqne,
1027 4018 1051 4066 id
1070 4028 1116 4076 est,
1131 4031 1201 4079 arque

92 4128 98 4139 ‚
183 4077 459 4139 ⁴⁵Neernorrtom'rprimo
467 4074 582 4141 perculrr'r]
597 4075 667 4127 Vallr'
693 4079 764 4128 etiam
785 4078 840 4128 licet
866 4079 976 4130 firmanet
998 4082 1078 4145 pedite
1099 4083 1201 4132 Annibal

153 4154 178 4191 et
190 4142 321 4192 Gronovius
331 4142 377 4205 legi
386 4142 471 4207 jubent
485 4143 562 4203 prelio
574 4144 662 4203 perrul.
694 4158 797 4193 extrema
807 4144 911 4206 agminis.
922 4156 1013 4196 umen.
1022 4181 1029 4195 .
1037 4184 1059 4198 ..

151 4210 205 4322 rr'r²¹⁸1
220 4220 290 4271 arque
311 4209 345 4257 ita
368 4206 440 4257 edidit
459 4208 600 4270 Caurpauus,
621 4208 662 4257 red
695 4276 701 4287 .
726 4211 748 4247 ⁴⁷
778 4208 850 4257 Hand
868 4212 915 4257 tire
933 4210 1107 4289 euueqmajon
1127 4220 1199 4292 tamen

89 4317 98 4329 '
151 4272 328 4389 umbem
339 4273 515 4401 milia.
531 4338 659 4389 ..eluar
683 4283 946 4409 'lieiffl'irffi
958 4276 1073 4403 *2¹⁸ss
1090 4279 1199 4392 “XXX

150 4402 241 4451 mnam
253 4402 326 4481 sedit]
351 4405 380 4453 ln
402 4418 441 4453 eor
462 4417 527 4451 verra
554 4403 659 4467 peditum
691 4404 753 4459 enirn
763 4405 1070 4473 repetierproecedeutibur
1079 4404 1151 4456 clade.

150 4467 210 4535 acle,
231 4478 343 4535 apparuit,
358 4485 387 4521 er
405 4482 486 4535 magno
504 4466 658 4534 scilieetple·
684 4475 689 4485 “
