3092 5200
440 377 519 436 nm.
536 377 637 438 xxia
657 379 737 440 car.
757 379 891 440 xxxa
959 471 972 493 f
1126 389 1185 454 m

136 528 150 564 ‘
165 529 307 612 quoniam
319 551 426 614 pacem
437 532 502 614 pati
513 553 574 594 non
586 533 749 614 potuistis!
772 532 821 597 Ita
831 534 945 597 infecta
954 555 1042 617 pace,
1051 558 1091 599 ex
1104 551 1229 616 con-‚tt
1240 554 1270 606 c.
1281 559 1338 606 aso.

30 640 35 650 ·
138 616 244 698 loquio
259 620 299 681 ad
314 639 383 680 snos
398 639 490 700 quum
505 639 538 680 se
560 619 754 700 recepissent,
778 624 805 660 ¹⁸
821 620 932 682 frustra
951 623 1043 684 verba
1061 621 1182 716 jactata
1195 618 1226 666 A.
1235 620 1265 696 9·
1276 619 1333 670 2⁰2.

138 703 331 766 renunciant.
347 705 438 766 armis
454 703 676 766 decernendum
691 725 768 782 esse,
787 705 1018 786 habendamque
1032 729 1100 771 eam
1116 710 1179 772 for·
1193 682 1325 796 mm

139 801 260 866 tunam,
274 799 364 870 quam
379 788 432 852 Dii
448 788 610 850 dedissent.
1293 780 1301 796 ⁹

182 871 318 937 XXXII.
333 873 369 936 ln
379 887 478 937 eastra
488 887 523 936 ut
533 886 581 937 est
592 887 725 953 ventum,
737 877 940 958 pronunciant
951 878 1052 957 ambo,
1064 879 1180 942 ‘Arma
1192 908 1329 973 omn..

27 959 35 1004 ἕ
136 957 149 992 ‘
164 959 344 1041 expedirent
357 959 468 1022 milites
479 959 655 1041 animosque
667 961 707 1022 ad
717 981 891 1042 supremum
900 974 1064 1042 certamen,
1073 986 1136 1027 non
1147 968 1179 1028 in
1191 987 1271 1022 nasu
1283 975 1313 1022 sa

27 1051 34 1088 Ρ
137 1044 151 1077 ‘
165 1059 259 1108 unum
275 1046 365 1123 diem,
387 1044 442 1106 sed
462 1046 492 1106 in
506 1057 697 1131 perpetuum2
713 1045 739 1107 si
754 1046 883 1108 felicitas
898 1048 1027 1126 adesset,
1040 1051 1180 1114 victores.
1191 1039 1307 1102 prmum

27 1173 28 1176 ,
138 1129 192 1178 ‘²⁷
202 1129 310 1208 Roma,
326 1151 365 1192 an
381 1129 552 1210 Karthago,
563 1129 633 1211 jura
646 1130 787 1212 gentibus
802 1132 921 1210 darent,
934 1144 1006 1195 aute
1017 1137 1181 1199 crastinam

137 1215 150 1250 ‘
165 1226 287 1278 noctem
298 1216 436 1278 scituros.
447 1236 543 1296 neque
554 1215 792 1294 enimAsricam,
805 1217 1000 1296 nathaliam,
1011 1221 1065 1282 sed
1076 1222 1182 1284 orbem

138 1301 312 1362 ‘terrarum
331 1300 464 1363 victoria
485 1301 640 1383 praemium
662 1300 749 1378 iore3
783 1322 838 1384 par
861 1304 1026 1384 periculum
1047 1306 1183 1386 praemio,

138 1384 274 1466 ‘quibus
291 1386 422 1446 adversae
437 1407 545 1468 pugnae
560 1386 682 1450 fortuna
696 1386 820 1449 fuisset!
835 1409 906 1450 nam
921 1409 1018 1472 neque
1033 1388 1181 1453 Romanis

27 1495 28 1532 1
138 1471 284 1552 effugium
300 1470 394 1533 ullum
408 1473 533 1554 patebat
547 1471 580 1532 in
599 1473 698 1533 aliena
719 1475 885 1555 ignotaque
908 1485 1010 1536 terra:
1044 1487 1077 1538 st
1100 1474 1182 1538 Kar·

27 1587 28 1590 ¹
139 1556 271 1637 tbsgini,
300 1576 441 1639 supremo
468 1557 581 1618 auxilio
606 1557 712 1636 effuso,
736 1558 841 1621 adesse
867 1559 1024 1622 videbatur
1052 1581 1182 1643 presens
1261 1613 1265 1620 .

27 1673 28 1680 κ
140 1641 303 1704 excidium.
345 1639 397 1703 Ad
412 1642 471 1704 hoc
486 1642 647 1704 discrimen
662 1644 833 1725 procedunt
850 1655 972 1727 postero
988 1645 1038 1706 die
1052 1647 1182 1710 duorum

141 1725 439 1810 opulentissimorum
475 1723 665 1810 populolurn-
686 1729 746 1790 duo
773 1729 865 1811 longe
893 1730 1049 1792 clarissimi
1080 1732 1182 1810 duces,

142 1811 204 1874 duo
227 1812 383 1875 fortissimi
398 1813 559 1890 exercitus,
581 1813 678 1876 multa
692 1825 763 1876 ante
778 1828 868 1896 parta
883 1816 994 1877 decora
1007 1826 1061 1877 aut
1075 1837 1182 1878 cumu-

140 1898 232 1960 laturi
247 1919 285 1960 eo
301 1898 361 1976 die,
376 1909 429 1960 aut
443 1899 582 1962 eversuri.
624 1897 745 1982 Anceps
761 1900 854 1981 igitur
868 1922 938 1982 spes
950 1912 982 1962 et
995 1912 1096 1963 metus
1107 1903 1181 1964 mis·

140 1985 252 2046 cebant
285 1985 429 2046 animos:
468 1985 803 2068 contemplantibusque
833 1987 926 2048 modo
955 2007 1053 2065 suam,
1088 1986 1182 2049 modo

139 2069 275 2132 hostium
290 2070 398 2148 aciem,
419 2071 446 2108 ²⁸
462 2089 554 2150 quum
570 2071 665 2133 oculis
680 2071 789 2152 magis,
813 2092 905 2152 quam
920 2073 1049 2148 ratione,
1070 2092 1182 2156 pensa·

138 2159 210 2216 ren't
231 2155 320 2235 vires,
350 2154 440 2216 simul
465 2155 544 2234 laeta,
575 2156 664 2218 simul
695 2157 794 2218 tristia
819 2157 1065 2220 obversabatur.
1109 2157 1212 2231 Qua*

137 2239 212 2322 ipsis
228 2261 283 2300 sua
297 2252 406 2324 sponte
420 2261 484 2302 non
499 2243 727 2320 subcumbam,
752 2263 790 2303 ea
809 2243 902 2304 duces
916 2242 1110 2305 admonendo
1134 2255 1184 2306 at-

138 2345 199 2406 que
220 2324 373 2388 hortando
391 2324 565 2408 subjiciunt.
610 2325 719 2388 Poeaus
739 2328 874 2402 sedecim
893 2348 1040 2390 annorum
1055 2329 1087 2390 in
1101 2340 1184 2390 terra

136 2409 229 2472 ltalia
243 2433 290 2472 res
304 2422 417 2493 gestas,
437 2425 486 2473 tot
500 2412 591 2474 duces
606 2410 772 2492 Romanos,
796 2424 844 2474 tot
857 2413 1007 2476 exercitus
1022 2412 1183 2477 occidione

139 2497 269 2574 occisos,
291 2509 324 2560 et
338 2519 392 2560 sua
406 2498 515 2578 cuique
532 2497 653 2574 decora,
677 2499 728 2560 ubi
743 2499 783 2561 ad
796 2499 946 2580 insignem
962 2498 1088 2580 alicujus
1103 2520 1184 2581 pug-

136 2602 185 2645 nae
199 2583 348 2645 memoria
368 2582 496 2644 militem
518 2593 654 2661 venerat,
675 2583 835 2647 referebat.
879 2581 984 2667 Scipio
1005 2581 1183 2668 Hispanias,

137 2679 170 2730 et
184 2668 320 2729 recentia
333 2668 365 2729 in
379 2666 485 2729 Africa
498 2668 616 2750 proelia,
638 2678 670 2729 et
691 2669 913 2732 confessionem
933 2670 1079 2748 hostium,
1097 2670 1183 2753 quod

140 2772 238 2835 neque
263 2774 326 2814 non
347 2763 451 2834 petere
473 2774 582 2834 pacem
606 2764 730 2834 propter
745 2766 875 2832 metum,
896 2775 996 2835 neque
1010 2776 1134 2817 manere
1148 2755 1182 2817 ia

139 2858 178 2899 ea
192 2857 252 2918 prs
267 2836 362 2897 insita
377 2836 486 2897 animis
501 2836 629 2917 perfidia
642 2838 824 2917 potuissent
838 2840 879 2899 ad
899 2839 971 2916 boc,
985 2839 1183 2919 conloquium

139 2920 324 2983 Hannibalis
343 2920 375 3003 in
394 2932 512 2983 secreto
536 2920 686 2999 habitum,
710 2940 747 2983 ac
772 2925 800 2962 ¹⁹
812 2923 941 2983 liberum
962 2921 1098 3004 fingenti,
1121 2944 1185 3005 qua

138 3007 224 3083 velit,
243 3004 350 3069 flectit.
393 3008 421 3045 ³⁰
433 3006 606 3084 Ominatur,
630 3007 737 3086 quibus
752 3006 907 3088 quondam
922 3007 1065 3089 auspiciis
1078 3019 1183 3091 patres

137 3112 246 3153 conum
260 3090 460 3174 pugnaverint
475 3090 514 3151 ad
528 3088 657 3173 AEgates
672 3091 797 3169 insulas,
821 3112 860 3154 ea
877 3092 937 3153 illis
952 3093 1133 3155 meantibus
1148 3091 1183 3167 in

138 3177 238 3247 aciem
250 3177 440 3259 portendisse
454 3172 548 3239 Deos.
581 3176 593 3209 ‘
606 3175 721 3239 Adesse
736 3176 827 3241 linem
841 3178 914 3240 belli
929 3198 966 3241 ac
978 3178 1101 3241 laboris.
1144 3176 1183 3249 ln

172 3367 196 3405 ὕ
211 3368 485 3433 rammam]
504 3368 645 3433 Corijecturs
677 3382 746 3431 quem
765 3367 858 3417 &mant
876 3366 948 3416 MSS.
973 3376 999 3413 st
1025 3364 1063 3412 alii
1081 3364 1182 3429 codiee,

142 3432 263 3483 Gronmii.
304 3434 473 3483 murrhatos
496 3441 587 3494 meo,
608 3432 646 3481 rel
676 3441 736 3480 tssts
758 3432 872 3480 Hearnio.
909 3431 965 3478 Eam
986 3430 1019 3477 sic
1036 3430 1182 3492 exponimm,

136 3498 648 3625 widomarus
677 3492 1183 3627 bnamma

140 3624 217 3687 daret]
235 3627 296 3674 Sana
315 3636 339 3672 et
357 3636 459 3672 resumta
475 3623 583 3686 loquendi
598 3622 646 3672 ior·
677 3621 1094 3683 resembatmlloqaieaidnnohlisin
1105 3628 1183 3691 aser-sto

141 3702 198 3736 mar
214 3688 358 3737 noudussnt.
391 3687 647 3751 Etenimnonpossunt
678 3686 786 3743 bobium
812 3700 839 3733 ac
858 3686 953 3749 proinde
975 3686 1066 3733 liberum
1082 3683 1184 3748 fingam

141 3752 218 3800 ambo
228 3752 297 3802 rimu
308 3752 353 3800 ilus
365 3752 441 3810 urbes,
458 3749 509 3815 jura
526 3750 579 3798 dare
590 3767 648 3813 gen·
671 3750 737 3813 flocti
754 3766 799 3811 qm
812 3750 875 3811 velit,
896 3750 918 3798 id
937 3760 983 3809 est,
1002 3749 1071 3812 quod,
1087 3748 1184 3809 flegon,

142 3814 211 3864 tibus.
243 3816 327 3881 Scripsi
343 3828 422 3866 umen
436 3816 481 3864 boe
492 3814 599 3864 ultimum
610 3828 647 3866 te·
679 3814 735 3861 falsa
744 3813 803 3862 veris
813 3814 946 3874 admiscens,
955 3824 1031 3877 posset
1042 3813 1114 3860 bbere
1125 3813 1183 3861 ase-

140 3890 210 3929 asnt.
221 3880 299 3930 Editor
309 3892 363 3930 ants
374 3880 513 3931 Gronovium
522 3882 647 3943 sequimur.
678 3887 729 3927 tere
740 3877 764 3926 in
776 3892 934 3941 quamcunque
943 3888 1031 3943 persero
1040 3877 1119 3925 vallet.

27 3994 28 3997 ,
174 3942 647 4021 ”Quuaoeutamgr'aqunamsum
710 3942 735 3977 ³⁰
759 3942 775 3971 ⁸
799 3939 1184 4004 mmmmm]

27 4050 28 4069 p
141 4017 258 4071 passorem
276 4008 341 4072 vira]
366 4010 407 4058 Aa
424 4008 500 4071 igitur,
519 4010 539 4056 si
559 4010 646 4057 rariore
677 4006 756 4069 Vulgo
771 4006 868 4055 verbum
885 4009 979 4055 ouant
993 4006 1071 4054 futura
1087 4014 1187 4067 qsettat.

239 4084 266 4120 nt
282 4074 350 4136 vires,
369 4077 479 4137 noafjam
495 4072 547 4137 ipsis
562 4073 647 4139 partim
678 4086 725 4119 non
742 4072 864 4136 proamita.
896 4071 946 4119 biis
963 4070 1055 4119 ridetur
1075 4079 1123 4117 aon
1139 4068 1183 4116 alia

27 4178 29 4203 r
199 4139 298 4200 ‚partim
316 4138 389 4189 tristia
398 4138 564 4188 somnusue?
584 4138 647 4185 Mal·
678 4138 838 4200 mspmuisse
848 4150 915 4184 mens
926 4135 993 4195 uvis,
1007 4134 1183 4197 qmnmdrcst

141 4200 190 4249 lem
238 4202 394 4266 inepsrticnls
404 4202 649 4267 magirspsussoeub's,
678 4200 980 4279 Scipioneml'susropm'me
994 4197 1183 4275 erigentemmi-

140 4392 201 4444 nius.
256 4392 408 4442 Gronovimss
434 4395 544 4445 editiones
559 4396 643 4445 habene
675 4395 813 4443 exeuntibus
832 4394 930 4458 auspicia
950 4392 983 4441 dii
999 4392 1112 4450 deleth.
1127 4404 1180 4456 quo

132 4456 216 4527 flam.
247 4458 325 4520 Magis
342 4458 417 4524 placet
432 4458 551 4522 Sumam
565 4460 644 4524 lectio,
674 4454 1113 4529 aramme-elmuinus.
