3092 5200
343 367 347 373 ·
379 349 436 408 108
748 358 754 363 “
794 338 878 399 TITI
897 337 997 397 mvn

88 483 92 489 ⁵
161 566 165 571 ,
204 489 287 579 Μ
299 526 356 577 535,
377 496 673 575 vovissetlocatam
693 496 734 558 ad
753 495 785 559 id
803 506 923 578 tempus
938 515 1001 557 non
1013 514 1090 572 esse,
1097 494 1201 579 itaque
1217 494 1369 559 duumviri
1380 494 1419 557 erl

194 585 354 642 'A.0.217.
378 604 448 647 eam
471 604 536 645 rem
556 582 650 645 creati
671 603 691 643 a
705 579 890 643 MalEmilio
912 594 1040 664 praetore
1061 580 1154 658 urbis,
1175 579 1234 643 Cn.
1256 580 1368 665 Pupius
1387 593 1420 643 et

379 669 419 732 K.
436 668 597 741 Quinctius
616 668 814 747 Flamininus,
836 668 932 729 adem
963 666 995 728 in
1017 670 1086 727 arc'e
1106 666 1279 729 faciendam
1300 667 1421 729 locave-

379 768 460 819 runt.
492 755 542 817 Ab
564 755 673 817 eodem
693 767 820 837 praetore
842 752 1153 816 exsenatusconsulto
1171 752 1264 817 literae
1286 754 1328 829 erl
1345 774 1421 815 eon·

348 870 352 875 ’
380 842 458 904 eules
469 842 579 919 missae,
598 852 643 920 ut,
663 841 689 901 si
707 841 745 901 iis
758 840 921 918 videretur,
934 839 1009 901 alter
1019 860 1124 901 eorum
1143 838 1184 901 ad
1202 840 1341 902 consules
1353 860 1421 903 cre-

380 928 477 991 andos
486 925 617 989 Romam
627 927 762 989 reniret:
779 948 811 989 se
822 926 855 987 in
863 946 931 988 eam
943 925 1036 1002 diem,
1046 946 1137 1005 quam
1140 924 1312 1007 jussissent,
1322 926 1421 988 comi-

379 1014 611 1075 tiaedicturum.
632 1011 684 1075 Ad
703 1013 767 1075 haec
779 1033 799 1073 a
818 1010 991 1075 consulibus
1007 1011 1195 1094 rescriptum,
1213 1008 1306 1085 ‘Sine
1325 1012 1421 1075 detri-

379 1099 391 1132 ‘
406 1111 511 1161 mento
521 1098 693 1183 reipublicae
709 1098 831 1161 abscedi
852 1118 913 1159 non
932 1118 1020 1180 posse
1032 1098 1071 1159 ab
1086 1098 1185 1160 hoste.
1194 1098 1296 1180 itaque
1308 1120 1362 1181 per
1374 1099 1422 1159 in-

379 1185 390 1217 ‘
405 1181 554 1267 terregcm
566 1185 691 1247 comitia
708 1184 850 1247 habenda
860 1204 925 1245 esse
938 1184 1050 1266 potius,
1069 1204 1160 1266 quam
1172 1184 1330 1247 consulum
1342 1184 1421 1247 alter

379 1271 514 1334 ‘abello
523 1269 721 1335 avocaretur?
745 1270 882 1332 Patribus
892 1270 1002 1332 rectius
1015 1270 1112 1331 visum
1132 1282 1190 1347 cst,
1205 1270 1391 1345 dictatorern
1402 1290 1424 1331 a

380 1358 504 1419 consule
516 1358 577 1419 dici
588 1358 781 1419 comitiorum
794 1356 1002 1419 habendorum
1023 1376 1139 1418 caussa.
1158 1357 1257 1419 dictus
1275 1356 1312 1419 L.
1321 1354 1420 1419 Vem-

380 1444 442 1505 rius
464 1442 561 1521 Philo,
593 1441 641 1505 M.
658 1442 859 1525 Pomponium
880 1440 1062 1505 Mathonem
1086 1442 1262 1524 magistrum
1282 1444 1422 1524 equiturn

381 1529 469 1591 dixit.
512 1527 572 1591 His
582 1530 657 1591 vitio
675 1530 794 1607 creatis,
811 1527 963 1610 jussisque
984 1529 1033 1591 die
1055 1529 1282 1611 quartodecimo
1298 1550 1331 1591 se
1354 1548 1423 1591 ma·

379 1616 510 1697 gistretu
526 1614 677 1695 abdicare,
691 1616 731 1677 ad
746 1616 950 1697 interregnum
962 1636 1008 1677 res
1019 1614 1119 1676 rediit.

215 1700 357 1752 U·0·⁵36·
423 1698 572 1764 XXXIV.
595 1700 776 1763 Consulibus
799 1712 996 1784 prorogatum
1031 1701 1062 1762 in
1098 1721 1212 1764 annum
1250 1701 1423 1785 imperium.

213 1765 354 1891 sstecnffi
381 1788 545 1869 interreges
571 1788 686 1871 proditi
716 1786 887 1849 aPatribus
913 1786 948 1849 C.
975 1785 1130 1864 Claudius,
1154 1787 1213 1871 Ap.
1226 1787 1316 1867 filius,
1341 1787 1421 1849 Cen-

214 1896 346 1946 cxreren.
381 1874 448 1952 tho,
474 1874 546 1936 inde
575 1873 609 1935 P.
624 1874 783 1937 Conrelius
811 1873 917 1935 Asina.
938 1871 988 1935 ln
1015 1872 1079 1955 ejus
1100 1875 1273 1955 interregno
1297 1874 1425 1935 comitia

214 1962 263 2010 rios
271 1960 346 2010 varro
382 1960 490 2022 habita
513 1980 626 2043 magno
657 1960 823 2022 certamine
851 1959 974 2023 Petrum
997 1980 1034 2021 ac
1062 1960 1168 2042 plebis.
1211 1958 1247 2021 C.
1272 1958 1423 2023 Terentio

214 2026 347 2141 Ἥ
382 2044 523 2124 Varroni,
560 2068 661 2129 quem,
694 2047 740 2108 sui
761 2046 879 2128 generis
902 2046 1068 2123 hominem,
1098 2046 1196 2128 plebei
1219 2046 1423 2111 insectatione

348 2127 356 2145 '
381 2132 555 2215 principum
584 2132 838 2215 popularibusque
853 2132 968 2193 artibus
992 2132 1197 2210 conciliatum,
1224 2134 1262 2193 ab
1277 2132 1318 2203 Q.
1334 2131 1422 2195 Fabii

382 2218 492 2300 opibus
505 2229 539 2280 et
564 2218 727 2281 dictatorio
742 2218 869 2301 imperio
885 2218 1039 2281 concussis
1063 2218 1163 2281 aliena
1186 2218 1300 2281 invidia
1319 2219 1422 2301 splen-

383 2304 520 2381 dentem,
534 2305 640 2386 vulgus
669 2313 726 2366 et²¹¹
750 2305 909 2367 extrahere
925 2304 964 2365 ad
978 2304 1350 2382 consulatnmnitehatur,
1365 2304 1422 2366 Pa-

383 2401 445 2451 tres
459 2410 579 2451 summa
600 2411 659 2473 ope
676 2390 852 2466 obstabant,
866 2412 906 2452 ne
921 2412 953 2453 se
972 2390 1157 2453 insectando·
1173 2392 1230 2453 sibi
1245 2391 1355 2472 aequari
1367 2390 1422 2452 ad-

322 2542 328 2550 ,
382 2488 558 2539 suescerent
573 2476 723 2539 homines.
760 2476 800 2547 Q.
827 2474 946 2539 Baebius
964 2474 1137 2539 Herennius
1162 2478 1301 2541 tribunus
1317 2476 1425 2560 plebis,

383 2574 535 2644 cognatus
560 2561 597 2626 C.
611 2560 760 2642 Terentii,
787 2562 976 2626 criminando
997 2583 1059 2624 non
1087 2575 1227 2626 senatum
1242 2562 1346 2642 modo,
1368 2562 1423 2625 sed

382 2649 477 2710 etiarn
500 2669 639 2731 augures,
659 2651 743 2731 quod
758 2649 940 2712 dictatorem
956 2649 1181 2732 prohibuissent
1194 2651 1321 2714 comitia
1331 2649 1423 2731 perli-

382 2755 463 2814 cere,
479 2755 533 2816 per
547 2734 691 2798 invidiam
707 2757 812 2798 eorum
833 2736 965 2799 favorem
981 2736 1147 2798 candidato
1162 2758 1217 2799 suo
1231 2737 1425 2800 conciliabat.

214 2841 364 2892 &bum
383 2819 453 2883 ‘Ab
464 2821 636 2884 hominihus
646 2822 1204 2906 nobilibus,permultosnmrosbellum
1212 2823 1424 2904 querentibus,

214 2907 339 2985 praessa
382 2907 393 2940 ‘
408 2905 614 2970 Hannibalem
629 2908 660 2970 in
676 2906 796 2970 ltaliam
812 2909 1000 2971 adductum:
1024 2907 1063 2970 ab
1078 2909 1197 2988 iisdem,
1212 2931 1304 2991 quum
1319 2907 1425 2970 debel-

214 2988 240 3021 ²¹²
251 2973 346 3024 ”⁵¹¹²
382 2992 462 3056 ‘lari
484 2995 592 3076 possit,
617 2993 721 3056 fraude
738 2996 771 3057 id
796 2994 907 3056 bellum
919 2993 1009 3057 trahi.
1024 2995 1125 3057 ⁰⁸cum
1148 3008 1279 3077 quatuor
1293 2995 1424 3056 militum

278 3073 286 3084 '
382 3081 579 3162 ‘legionibus
600 3081 743 3143 universis
768 3081 897 3163 pugnari
928 3100 1016 3164 posse
1043 3081 1218 3162 adparuisse
1247 3105 1306 3160 eo,
1342 3078 1424 3161 quod

382 3164 456 3228 ‘M.
475 3165 641 3246 Minucius,
668 3169 792 3229 absente
820 3167 925 3244 Fabio,
958 3187 1101 3249 prospere
1129 3180 1316 3251 pugnasset3
1349 3167 1424 3228 duas

380 3253 394 3286 ‘
408 3253 543 3336 legiones
555 3254 635 3316 hosti
650 3254 690 3316 ad
701 3254 814 3316 ooedern
829 3251 976 3334 objectas,
990 3253 1100 3315 deinde
1110 3274 1150 3316 ex
1163 3255 1230 3336 ipsa
1240 3255 1322 3318 caede
1337 3271 1425 3334 erep-

381 3340 393 3373 ‘
408 3351 467 3415 tas,
482 3337 527 3400 ut’
542 3353 630 3421 pater
644 3350 849 3421 patronusque
869 3338 1105 3421 ‘adpellaretur,
1130 3341 1181 3421 qui
1207 3341 1288 3421 prius
1303 3339 1425 3400 vincere

382 3424 395 3458 ‘
408 3425 612 3505 prohibuisset
623 3424 791 3503 Romanos,
804 3444 895 3506 quern
903 3425 994 3486 vinci.
1006 3423 1152 3486 Consules
1162 3425 1271 3486 deinde
1284 3423 1427 3485 Fabianis

382 3510 394 3543 ‘
409 3510 535 3587 artibus,
546 3528 641 3590 quum
655 3510 806 3572 debellare
821 3522 956 3594 possent,
970 3510 1082 3572 bellum
1097 3511 1234 3586 traxisse,
1271 3507 1310 3570 ld
1324 3508 1426 3570 foedus

382 3594 394 3626 ‘
409 3593 489 3655 inter
507 3613 614 3656 omnes
628 3596 744 3657 nobiles
758 3596 871 3659 ictumr
890 3617 953 3659 nee
970 3597 1060 3659 finem
1075 3607 1147 3658 ente
1160 3595 1232 3657 belli
1254 3594 1426 3674 habituros,

382 3679 499 3760 ‘qnam
514 3680 669 3744 consulem
684 3703 753 3744 vere
778 3683 941 3766 plebeium,
958 3683 990 3744 id
1013 3694 1071 3762 est,
1085 3682 1273 3746 ”hominem
1299 3701 1426 3758 novum,

775 3873 793 3900 ¹
809 3868 875 3916 enare
885 3865 959 3916 Grou.
971 3864 1042 3916 cm.

410 3992 434 4029 θ’
452 3993 509 4042 Gerr
529 4003 624 4058 metuar
641 3998 735 4045 mtrem
755 3997 885 4062 legionibus]
919 3997 984 4046 beret
1009 3997 1122 4060 majorum
1149 3993 1269 4056 imagines,
1290 3991 1356 4056 cujus
1376 4007 1428 4038 roa·

378 4057 582 4108 Planehlcotiosa
597 4077 687 4114 euros
696 4063 801 4111 nitimur.
833 4063 887 4112 Pur.
916 4061 978 4126 joret
999 4075 1116 4125 uunquam
1142 4059 1247 4108 curulem
1272 4058 1427 4118 mgistratum

377 4124 451 4174 codex
461 4124 697 4190 hsbetcunqurtuor
711 4127 783 4174 millia
794 4127 887 4188 legioni.
918 4127 1048 4188 gessissent.
1080 4125 1139 4173 lude
1158 4125 1220 4172 enirn
1236 4124 1295 4188 apud
1312 4121 1428 4170 &manoe

378 4188 428 4236 bus.
457 4189 605 4254 Surpicanum
621 4191 651 4239 rb
666 4192 739 4240 uillis
754 4190 784 4239 ab
802 4190 888 4254 impro-
920 4191 1035 4240 nobilitsr.
1069 4191 1133 4240 Hinc
1155 4203 1208 4237 mox
1226 4189 1314 4238 mentio
1333 4185 1358 4234 bt
1378 4185 1428 4250 ple·

378 4251 450 4302 dente
467 4253 562 4304 librario
579 4256 682 4306 additum
698 4271 765 4304 ester
783 4253 835 4304 inde
846 4256 887 4303 ali·
919 4256 1022 4304 beianum
1032 4252 1154 4311 nobilium,
1172 4254 1196 4302 id
1206 4265 1251 4314 cst,
1266 4253 1387 4300 hominum
1397 4265 1427 4296 ex

380 4329 449 4377 quen
465 4321 588 4395 correxisse
599 4323 710 4382 attam,
726 4335 797 4384 quum
810 4321 888 4385 potius
918 4319 1011 4368 familiis
1021 4320 1124 4384 plebeiis,
1137 4333 1235 4386 quorum
1247 4317 1344 4384 mahte·
1355 4315 1428 4367 curuli

379 4379 609 4497 mg‘lloh‘ihlnm
660 4445 741 4512 ]in
788 4449 829 4500 u„
842 4449 873 4500 h·
918 4385 1099 4438 attererent.

582 4464 661 4498 mm
755 4464 788 4500 uu
874 4473 886 4490 ·
