3092 5200
464 347 543 410 LIB.
555 347 669 412 XXVI·
689 287 773 413 call
785 347 914 411 XXXV.
1145 352 1205 423 ur
1288 433 1295 444 θ

162 497 172 530 ‘
188 495 233 560 ita
246 508 282 560 ut
294 515 386 570 nemo
401 515 506 560 eorum
521 497 594 560 civis
609 495 776 576 Romanus,
786 508 839 560 aut
849 495 951 564 latini
962 498 1096 562 nominis
1108 511 1206 569 essett
1219 522 1253 574 u.
1263 523 1293 575 c,
1304 525 1363 579 arn.

162 582 264 646 ‘neve
288 583 355 667 quis
379 603 494 662 sorum,
520 583 571 671 qui
594 581 707 668 capua
732 583 872 663 fuissent,
894 583 968 650 dum
989 595 1085 669 portas
1100 587 1209 650 clausa
1219 590 1251 640 A·
1261 588 1292 638 0·
1302 588 1359 640 ²1⁰·
1406 634 1409 642 .

164 670 300 752 ‘esserra
311 672 343 731 in
354 669 427 732 urbe
439 689 550 752 agrove
565 667 723 753 canpano
737 669 948 735 nuncetiam
964 669 1045 732 diem
1060 686 1207 738 maneret.

166 753 301 834 ‘Locus
319 753 370 818 ubi
386 756 569 838 habitarent,
593 767 677 818 trans
697 753 846 837 Tiberim,
869 755 921 839 qul
938 775 1001 819 non
1016 759 1210 842 contingeret

165 839 339 926 “liberium
363 839 496 909 daretur.
519 843 571 924 qul
595 862 653 904 nec
677 839 800 930 Capuae,
824 841 936 908 necin
951 842 1025 905 urbe
1040 842 1211 926 Campana,

165 925 256 1014 ‘quae
271 950 290 991 a
304 927 419 1016 populo
434 927 576 992 Romano
592 928 764 1008 defecisset,
787 950 841 1013 per
864 929 977 992 bellum
997 929 1136 1013 fuissent,
1157 951 1211 992 eos

166 1013 177 1050 ⁸
192 1014 236 1078 cis
250 1011 344 1082 Lirim
358 1035 480 1079 amnem
496 1013 628 1080 Romam
642 1037 765 1094 versus5
788 1015 840 1100 qui
855 1015 896 1078 ad
911 1013 1067 1079 Romanos
1082 1016 1210 1081 namis-

165 1101 259 1164 ‘sent
272 1102 366 1186 prius,
388 1121 479 1186 quarn
496 1099 652 1167 Hannibal
667 1099 805 1189 Capuam
819 1101 944 1183 veniret,
968 1102 1011 1166 cis
1024 1099 1210 1172 Vulturnum

166 1186 398 1268 ‘emovendos,'
432 1199 625 1254 censuerunt.
648 1188 711 1252 ‘ne
742 1188 810 1268 quis
839 1209 944 1251 eorum
960 1189 1098 1273 propilia
1127 1210 1210 1254 mare

164 1273 364 1356 ‘quindecim
390 1275 522 1339 millibus
567 1295 615 1340 ass
636 1296 688 1337 um
715 1293 821 1356 agnun
850 1273 1048 1338 adlliciumve
1073 1275 1212 1346 haberet.

165 1359 176 1392 ⁴
192 1357 251 1432 Qui
268 1381 374 1429 eorum
396 1361 422 1400 ⁸²
440 1372 523 1424 trans
536 1296 674 1428 luerim
689 1361 782 1424 emoti
798 1373 911 1442 essent,
925 1381 972 1427 ,ne
987 1361 1044 1507 ippi
1060 1363 1212 1446 posterive

164 1445 296 1516 ‘eorurn
323 1447 442 1530 uspiam
469 1459 611 1530 pararent
634 1448 829 1529 haberentve,
852 1447 910 1513 nisi
937 1449 969 1510 in
1025 1448 1136 1528 aiente,
1158 1459 1214 1520 aut

55 1537 60 1546 ‘
165 1533 175 1566 ‘
189 1530 326 1612 Sutrino,
341 1531 532 1618 Nepesinove
547 1555 640 1616 agro:
664 1533 737 1598 dum
753 1552 792 1596 ne
806 1534 856 1598 cui
875 1531 985 1621 major,
1007 1555 1099 1616 quam
1121 1535 1210 1617 quin·

164 1619 337 1704 ‘quaginta
355 1618 508 1706 jugerum,
530 1621 594 1702 agri
610 1621 717 1686 modus
731 1633 821 1684 esset.
865 1617 1048 1686 Senatorum
1063 1621 1210 1698 omniurn,
1364 1655 1368 1662 ·

164 1705 300 1788 ‘quique
315 1705 511 1791 magistratus
526 1703 647 1792 Capua,
664 1705 786 1786 Atella,
801 1703 927 1769 Calatiae
940 1706 1116 1793 gessissent,
1130 1708 1213 1780 bons
1296 1767 1324 1774 ..
1368 1767 1376 1784 ,

167 1791 293 1854 ‘venire
318 1790 452 1876 capua:
469 1791 636 1874 jusserunt.
658 1793 780 1857 ‘libera
794 1813 934 1876 corpora,
956 1812 1023 1874 qua
1036 1793 1211 1858 venumdari

165 1876 359 1964 ‘placuerat,
375 1877 505 1941 Romam
522 1879 614 1958 mitti,
637 1900 673 1942 ac
688 1877 796 1944 Romae
809 1879 921 1941 venire.
965 1875 1072 1963 Signa,
1095 1889 1213 1942 statuas

165 1964 176 1997 ‘
189 1984 298 2042 aneas,
310 1985 374 2049 qua
384 1976 476 2050 capta
488 1964 526 2028 de
536 1965 675 2034 hostibus
689 1965 874 2043 dicerentur,
884 1985 950 2049 quae
961 1985 1065 2035 eorum
1078 1985 1165 2026 sacra
1176 1985 1214 2028 sc

165 2050 177 2084 ‘
191 2047 321 2134 profana
330 2065 442 2130 essent,
452 2052 492 2114 ad
502 2052 683 2136 pontificum
695 2048 873 2134 collegium'
884 2049 1063 2136 rejecerunt·
1085 2049 1135 2113 Ob
1147 2051 1210 2114 lrasc

132 2139 137 2147 '
165 2135 290 2199 decreta
305 2139 476 2202 moestiores
492 2135 899 2224 aliquaut0,quamRomam
909 2147 1066 2215 uenerant,
1077 2135 1212 2221 Campa-

164 2243 222 2287 uos
233 2223 425 2288 dimiserunt.
435 2244 491 2286 nec
498 2221 565 2305 jam
576 2223 615 2296 Q.
625 2222 720 2288 Fulvii
730 2224 875 2288 saevitiam
884 2224 917 2285 iu
925 2223 1058 2301 sese,sed
1068 2222 1212 2308 iniquita-

167 2320 229 2371 tem
246 2307 348 2372 Dedm
364 2321 455 2392 atque
470 2310 690 2377 exsecrabilem
706 2309 861 2373 fortunam
876 2331 963 2375 suam
977 2309 1169 2391 incusabant.

206 2393 340 2460 XXXV.
361 2394 502 2462 Dimissis
526 2394 636 2459 Siculis
660 2395 898 2478 Campanisque,
922 2394 1059 2458 delectus
1079 2394 1212 2467 habitus..

164 2481 277 2568 scripto
292 2481 403 2546 deinde
418 2481 566 2562 exercitu,
587 2481 625 2545 da
641 2482 791 2566 remigum
814 2481 1026 2568 supplemento
1050 2481 1102 2564 agi
1124 2501 1210 2563 coep-

164 2579 240 2635 tum.
255 2569 288 2634 in
303 2588 394 2653 quam
408 2590 473 2645 rem
488 2590 582 2654 quum
597 2589 696 2655 neque
718 2565 878 2633 hominum
898 2569 984 2648 satis,
1005 2588 1073 2647 uec,
1095 2588 1135 2630 ex
1149 2587 1211 2650 qua

162 2666 351 2739 pararentur,
362 2656 616 2741 ¹stipendiumque
631 2658 819 2740 acciperent,
840 2655 976 2741 pecunie
991 2655 1157 2737 quidquam
1172 2675 1217 2723 ea.
1288 2725 1293 2731 ,

163 2754 347 2829 tempestate
362 2744 394 2807 in
409 2744 531 2829 publico
546 2754 639 2823 esset,
653 2742 815 2807 edixerunt
830 2743 981 2821 consules,
995 2753 1031 2808 ut
1045 2742 1154 2824 privati
1169 2762 1215 2803 exe

162 2849 256 2893 ceusu
279 2829 507 2915 ordinibusque,
532 2830 559 2868 ⁸⁸
574 2830 654 2892 sicut
672 2840 774 2909 autea,
801 2831 930 2912 remiges
945 2828 1053 2891 darent
1065 2848 1135 2893 curn
1150 2827 1206 2890 sti·
1220 2852 1328 2905 mm„

162 2916 276 2999 pendia
300 2916 479 2998 cibariisque
504 2916 619 2981 dierum
648 2914 784 2999 triginta.
826 2914 878 2977 Ad
901 2914 933 2977 id
951 2915 1085 2977 edictum
1104 2924 1206 2976 tantus
1219 2918 1325 3001 crapas

162 3000 300 3063 fremitus
315 3000 485 3105 hominum,
509 3004 659 3107 {tentat
685 3001 859 3085 indignatio
881 3000 949 3107 ipit,
969 3010 1004 3062 ut
1018 3000 1119 3101 magis
1132 2999 1206 3077 dux,
1218 2987 1342 3102 ml*

161 3098 423 3256 illinitis
437 3082 1332 3257 „lillaliitimiiriilllnisiltm,

160 3260 243 3325 ‘sibi
266 3260 404 3328 consules
427 3261 579 3329 adunisse.
600 3281 655 3345 per
674 3271 723 3322 tot
735 3279 834 3325 annos
847 3259 961 3323 tributo
976 3257 1142 3321 exhaustos
1162 3257 1206 3321 uil
1218 3266 1309 3315 aaran.

160 3345 305 3429 ‘reliqui
319 3358 427 3429 praeter
451 3358 564 3411 terram
588 3346 704 3411 nudam
729 3366 766 3408 ac
790 3356 920 3423 vastans,
944 3344 1067 3407 habere.
1107 3340 1220 3407 Tacta·

159 3434 171 3468 ‘
186 3434 288 3496 hostes
302 3433 484 3537 incendissq
502 3454 603 3495 servos
619 3432 832 3515 agricultores
853 3430 1072 3514 rempublicam
1086 3430 1206 3493 abdux·
1227 3435 1232 3441 “

158 3520 255 3606 ‘issa
276 3540 357 3585 nunc
380 3519 421 3585 ad
440 3520 581 3586 militiam
603 3541 697 3603 paruo
721 3539 780 3585 are
801 3518 943 3596 emendo,
967 3537 1052 3581 nune
1075 3517 1205 3599 remiges

159 3606 377 3690 ‘imperanda
424 3604 459 3671 Si
482 3606 557 3689 quid
580 3608 629 3670 eui
656 3606 776 3689 argenti
801 3607 904 3669 scrisse
928 3604 1031 3681 fixerit,
1049 3603 1225 3693 stipendio⁴

157 3691 331 3777 ‘remigum
354 3705 386 3759 et
410 3694 531 3757 tributis
557 3694 665 3758 annuis
687 3694 832 3756 ablatum.
884 3689 937 3771 Se,
959 3701 995 3753 ut
1020 3690 1105 3769 dent,
1123 3690 1206 3775 quod

158 3780 246 3843 ‘non
261 3780 502 3859 habearamus
517 3779 558 3859 vi,
574 3779 659 3845 nullo
675 3780 804 3864 imperio
819 3778 889 3861 cogi
904 3798 1005 3863 posse.
1047 3772 1138 3842 Bona
1149 3797 1207 3840 sua

159 3866 371 3933 ‘uenderentr
393 3868 428 3935 ie
441 3888 582 3951 corpora,
605 3888 672 3949 quas
694 3866 813 3949 reliqua
831 3878 943 3945 essem,
964 3863 1112 3935 sevirent.
1156 3860 1204 3925 Ne

567 3972 700 4029 stantque
709 3964 785 4015 Grou-
833 3975 839 3987 ⁴

163 4064 169 4075 ·
189 4046 213 4083 ⁰
229 4046 298 4100 iras
315 4046 409 4099 masa
424 4047 498 4111 muti]
521 4046 623 4102 solenus
640 4048 664 4099 in
695 4042 1204 4103 mammone-musonianus,

157 4112 199 4163 hac
210 4128 236 4165 rs
254 4114 358 4170 verbum,
388 4112 460 4162 Paulo
480 4124 543 4172 anta,
561 4116 591 4165 cir
610 4112 665 4161 Vul-
695 4112 813 4173 snorrrir,
824 4113 964 4161 Andreaset
975 4108 1114 4174 Campanus.

72 4212 77 4219 ·
158 4189 249 4229 marum
266 4180 395 4233 munder.
412 4190 518 4229 xxxvii.
536 4180 575 4231 53.
597 4176 667 4227 Ultra
728 4179 750 4213 ω
766 4176 831 4228 Sicm
845 4174 923 4241 antra]
944 4175 998 4224 Vid.
1015 4189 1082 4239 supra
1097 4174 1213 4227 laum„

159 4242 666 4309 Taurijagaamoenaaaama.xaxvna
696 4244 769 4293 all.
845 4308 851 4318 .
884 4307 891 4319 ι
947 4306 953 4317 Ι
1013 4303 1019 4315 1

156 4306 196 4359 ⁵3-
221 4309 350 4359 Mincium
365 4308 495 4362 ...mlum
518 4308 589 4361 Tauri
599 4309 663 4375 ,juga
725 4306 832 4357 &Tanto
842 4302 1204 4371 nammaurrcmlssedulus

155 4374 241 4423 mans.
280 4372 311 4421 Bt
331 4374 384 4423 alibi
405 4373 497 4439 sapim.
536 4374 591 4425 lloc
611 4372 662 4423 loco
693 4374 799 4439 sigonium
818 4372 933 4437 adjecerat
949 4370 1055 4421 voculam
1070 4385 1121 4432 qu.
1134 4387 1202 4439 quam

155 4438 250 4492 verbum
260 4439 306 4495 boa
315 4438 458 4491 decuriatum
467 4450 517 4491 erat
524 4438 663 4502 lavabaris,
693 4440 780 4539 respuit
791 4437 845 4488 Put.
858 4436 918 4489 liber
927 4448 953 4486 et
962 4451 1045 4487 ornnes
1055 4436 1135 4489 nutri.

155 4502 322 4565 conliberta
334 4506 394 4557 mad.
426 4505 472 4561 Sed
489 4520 567 4557 reram
581 4503 662 4557 lectio·
765 4502 782 4535 ⁸
799 4502 939 4570 &madaul
954 4501 1017 4554 roa,
