3092 5200
434 400 513 466 ΜΒ.
526 395 643 464 XXIX.
662 403 743 464 cm.
754 393 874 464 XXIX.
1121 405 1184 464 529

134 571 249 630 terrore
264 563 304 621 ac'
323 559 455 624 tumultu
476 557 578 637 iuuisse,
598 555 756 640 permultis
770 556 883 619 Grecis
898 550 1077 638 Latinisque
1101 576 1176 619 auc·
1190 554 1266 608 tte.
1277 559 1346 617 tet:

135 647 252 710 toribus
275 643 547 710 credidis'Coelius
572 663 648 706 unus
674 656 873 726 preterquam
898 643 980 724 quod
1005 664 1068 705 non
1094 623 1345 705 mer-‘²⁶⁰‘²⁰⁴·-

134 753 184 796 sss
209 732 349 796 fluctibus
376 753 477 810 naves,
501 739 618 793 eeteros
647 749 753 791 omnes
777 729 916 792 coelestes
946 726 1178 812 maritimosque

132 830 276 899 terrores,
302 829 456 902 postremo
476 819 633 900 abreptam
655 826 840 898 tempestate
862 816 902 877 ab
921 813 1027 877 Africa
1046 815 1176 880 classem

134 905 177 970 ad
199 907 328 970 insulam
341 903 545 987 AEgImurum,
567 903 640 965 iude
661 923 740 985 egre
764 912 941 965 contectum
963 921 1095 979 cursum,
1118 921 1175 963 ex-

134 994 246 1075 ponite
269 1003 312 1071 et,
334 1012 428 1075 prope
449 990 563 1054 obrutis
585 990 722 1068 navibus,
749 987 866 1070 injussu
881 989 1082 1072 imperatoris,
1105 1009 1175 1050 sca-

135 1080 216 1162 phis,
243 1079 324 1142 haud
350 1097 435 1140 secus
460 1099 552 1161 quam
575 1074 748 1156 naufragos,
770 1074 969 1140 militessine
990 1076 1174 1138 ormiscum
1277 1096 1283 1110 ·

134 1166 253 1247 ingenti
268 1165 399 1228 tumultu
415 1165 448 1226 in
463 1177 574 1227 terram
589 1163 727 1226 erasisse.

177 1249 327 1315 XXVIII.
348 1249 504 1333 Expositis
533 1249 641 1333 copiis,
675 1246 808 1310 Romani
839 1259 939 1312 eastra
966 1249 1000 1311 iu
1027 1247 1174 1334 proximis
1184 1263 1308 1316 Teucria

135 1338 259 1401 turmulis
282 1347 447 1400 metantur.
502 1335 574 1399 Jam
600 1356 663 1398 non
692 1335 723 1397 in
751 1336 923 1398 maritimos
952 1336 1045 1399 modo
1074 1328 1279 1419 agrosstffifl·

136 1435 302 1508 conspectu
332 1424 463 1507 primum
493 1423 608 1502 classis,
636 1420 707 1485 dein
735 1423 869 1487 tumultu
896 1421 1116 1506 egredientium
1143 1423 1179 1486 in

136 1523 263 1589 terrem,
286 1531 379 1594 pavor
401 1521 556 1592 terrorque
578 1519 765 1593 pervenerat,
790 1508 844 1570 sed
859 1509 891 1570 in
904 1510 987 1594 ipsas
1000 1511 1100 1572 urbes.
1122 1528 1179 1571 nc·

137 1617 196 1678 que
219 1598 301 1660 enim
327 1596 486 1660 bominum
519 1597 613 1658 modo
639 1595 738 1673 turbe,
768 1595 929 1658 mulierum
957 1617 1181 1680 puerorumque

138 1683 309 1766 agminibus
324 1682 465 1762 iamiam,
483 1703 589 1745 omncs
611 1682 724 1765 passIm
739 1682 944 1765 compleverat
958 1683 1032 1763 rias,
1054 1682 1110 1745 sed
1123 1704 1180 1766 pe-

16 1869 17 1906 l
138 1856 275 1920 Africam
298 1857 425 1920 diceres.
468 1854 601 1918 Urbibus
621 1875 692 1917 vero
707 1855 781 1938 ipsis
795 1853 953 1938 majorem,
975 1876 1067 1937 quarn
1089 1875 1183 1937 quem

16 1957 18 1992 !
138 1963 241 2006 seeum
256 1943 439 2020 adtulermt,
464 1953 610 2004 terrorem
633 1941 818 2004 inferebant.
840 1943 990 2025 precipue
1012 1940 1182 2023 Karthagi-

16 2057 18 2070 =
139 2029 188 2092 ais
212 2049 308 2113 prope
331 2041 366 2092 ut
391 2039 489 2110 capte
512 2027 657 2091 tumultus
683 2024 751 2090 tuit.
795 2026 877 2090 Nam
895 2039 970 2112 post
990 2027 1038 2091 M.
1051 2027 1183 2092 Atilium

140 2113 293 2198 Regulum
318 2125 351 2177 et
374 2112 410 2176 L.
419 2112 570 2176 Manlium
593 2114 741 2192 consules,
763 2114 889 2176 ⁴‘’aurnis
912 2135 1007 2198 prope
1030 2115 1183 2196 quinqua·

138 2201 238 2284 ginta,
259 2201 375 2264 nullum
389 2199 564 2262 Romanum
585 2199 751 2262 exercitum
772 2200 922 2278 viderant,
942 2211 1050 2283 preter
1064 2200 1182 2285 preda-

16 2337 18 2348 .
140 2290 233 2350 toriae
248 2287 370 2364 classes,
388 2287 495 2368 quibus
518 2285 730 2349 exsecutiones
748 2286 780 2348 in
795 2307 884 2368 egros
903 2288 1073 2350 maritimos
1094 2287 1184 2350 factm
1269 2350 1272 2367 ,

16 2423 19 2450 ,
140 2385 248 2438 crant:
276 2373 440 2458 raptisque,
465 2393 531 2456 que
548 2372 649 2434 'obvia
672 2371 734 2434 fors
763 2371 889 2451 fecerat,
918 2373 1000 2455 prius
1030 2392 1185 2436 recursum

16 2487 20 2524 e
140 2480 262 2544 semper
275 2459 431 2539 uulneres,
454 2479 545 2542 quam
559 2459 675 2521 elamor
690 2469 824 2540 agrestes
845 2459 992 2536 conciret,
1015 2459 1134 2522 fuerat.¹
1146 2480 1186 2522 eo

141 2546 240 2631 major
255 2557 321 2611 tum
336 2543 409 2630 Iuga
422 2565 576 2632 pavorque
597 2545 630 2609 in
644 2544 718 2607 urbe
733 2543 802 2609 fuit.
843 2543 895 2623 Et,
918 2541 1063 2625 Hercule,
1083 2565 1185 2629 neque

16 2688 18 2717 ἓ
141 2634 291 2699 exercitus
314 2634 398 2697 domi
411 2632 538 2711 validus,
552 2652 651 2715 neque
674 2632 746 2710 dux,
770 2652 862 2714 quem
883 2634 1084 2715 obponerent,
1105 2644 1185 2697 erat.

139 2719 325 2799 Hasdrubal,
347 2719 491 2803 Gisgonis
505 2719 595 2798 tilius,
616 2739 738 2802 genere,
761 2718 854 2799 lama,
878 2720 1002 2797 diuitiis,
1017 2719 1101 2802 regia
1115 2732 1183 2783 tum

142 2808 235 2871 etiem
260 2807 428 2885 adfinitate,
454 2806 545 2887 louge
571 2806 684 2887 prImus
706 2805 839 2867 civitatis
861 2816 948 2868 erat:
973 2806 1030 2869 sed
1052 2826 1122 2868 eum
1143 2806 1183 2868 ab

141 2892 196 2956 illo
210 2894 279 2974 ipso
300 2890 445 2976 ScipIone
466 2892 582 2972 aliquot
602 2890 716 2973 proeliis
738 2890 838 2953 iusum
860 2891 1040 2973 pulsumque
1061 2893 1093 2955 in
1108 2890 1183 2953 His-

142 2979 236 3063 pania
258 2978 478 3040 memIncrant:
507 2996 565 3038 nec
594 2977 692 3058 magis
718 2974 828 3039 ducem
853 2976 924 3038 duci
949 2998 1065 3060 parem,
1089 2997 1184 3058 quam

142 3064 373 3129 tumultuarium
388 3062 555 3127 exercitum
577 3082 664 3125 suum
680 3060 822 3125 Romano
835 3063 983 3125 exercitui
997 3084 1074 3126 csse.
1117 3060 1183 3126 Ita·

143 3172 216 3235 que,
238 3150 322 3213 velut
336 3150 362 3213 si
385 3152 491 3215 urbem
513 3148 669 3233 extemplo
691 3148 884 3231 adgressurus
905 3147 1012 3233 Scipio
1026 3150 1115 3228 foret,
1138 3149 1185 3213 ita

144 3238 182 3300 ad
200 3258 284 3299 arma
304 3247 354 3300 est
375 3236 620 3299 conclamatum:
646 3244 801 3319 portaeque
823 3236 933 3317 raptim
948 3236 1067 3316 clause,
1086 3248 1118 3299 et
1132 3257 1183 3298 ar·

141 3324 220 3388 mati
246 3323 278 3385 in
299 3324 403 3403 muris,
426 3321 594 3405 vigiliaeque
616 3334 648 3385 et
671 3323 819 3385 stationes
844 3322 1008 3405 disposite,
1032 3344 1069 3385 ac
1091 3335 1184 3390 nocte

143 3410 315 3492 insequenti
338 3410 494 3493 vigilatum
518 3421 576 3473 est.
633 3407 757 3473 Postero
786 3410 837 3473 dic
865 3406 1025 3492 quingenti
1053 3409 1186 3493 equites,

142 3497 334 3581 speculatum
358 3498 398 3559 ad
422 3516 505 3559 mare
529 3496 753 3579 turbandosque
778 3495 970 3579 egredientes
992 3517 1033 3560 ex
1057 3498 1184 3570 navibus

143 3583 240 3663 missi,
263 3583 295 3645 in
318 3585 465 3645 stationes
485 3580 691 3647 Romanorum
717 3583 899 3647 inciderunt.
920 3580 988 3664 jam
1010 3584 1092 3647 euim
1114 3581 1182 3645 Sei-

141 3672 207 3757 pio,
230 3668 327 3734 classe
342 3666 466 3735 Uticam
480 3670 583 3749 missa,
605 3670 670 3753 ipse
692 3670 775 3733 haud
796 3670 841 3732 ita
860 3669 993 3751 multum
1006 3658 1188 3754 progressus

143 3778 164 3819 a
177 3756 266 3835 marl,
279 3756 413 3820 tumulos
432 3756 587 3841 proximos
607 3766 749 3839 ceperat;
769 3757 888 3837 equites
904 3758 982 3819 etin
999 3757 1183 3821 stationibus

142 3842 218 3906 locis
233 3842 350 3906 idoneis
364 3854 517 3927 posuerat,
532 3855 565 3905 et
579 3864 634 3927 per
649 3864 738 3925 agros
753 3843 877 3907 miserat
891 3844 1071 3927 predatum.

185 3924 306 3993 XXIX.
327 3928 353 3993 li
379 3950 448 3993 enm
477 3926 725 4011 Karthaginiensi
753 3930 894 4011 equitatu
916 3929 1057 4013 proelium
1087 3951 1180 4013 quum
1193 3937 1343 4004 &emonem

16 4084 18 4113 s
138 4016 377 4094 commisissent,
400 4036 514 4099 paucos
535 4016 567 4077 in
589 4016 655 4099 ipso
676 4017 855 4113 certamine,
880 4016 1041 4101 plerosque
1061 4005 1320 4100 fiumen-W·

142 4116 191 4166 tes
206 4102 356 4185 persecuti
380 4103 425 4181 [ln
440 4102 548 4184 quibus
570 4102 745 4185 praelectum
770 4123 891 4186 quoque
906 4100 1102 4183 Hannonem,
1122 4125 1179 4168 no·
1191 4073 1332 4188 wlff

142 4189 237 4259 bilem
246 4186 403 4273 juvenem)
430 4186 621 4253 occiderunt.
661 4187 766 4273 Scipio
790 4210 853 4253 non
876 4210 966 4274 agros
983 4191 1079 4254 modo
1098 4191 1257 4271 circense.
1293 4264 1296 4271 ¹

565 4347 670 4401 0ettel.
681 4348 757 4401 nrm.

149 4458 152 4465 ⁴
173 4488 199 4525 Ψ
213 4487 284 4538 &ab
291 4504 357 4553 prope
370 4490 538 4561 quinquaginta]
553 4492 602 4543 Hic
612 4462 658 4544 m,
678 4490 741 4557 gulo,
759 4488 788 4542 I..
798 4488 888 4543 Manlio
897 4492 1036 4543 matta·
1066 4489 1122 4543 ua
1133 4499 1188 4544 note

137 4556 423 4627 memquuqurgetnu
437 4560 519 4612 tertius
530 4575 544 4609 s
555 4554 648 4613 mml-
679 4562 719 4611 2⁶.
729 4558 758 4607 ud
768 4556 786 4608 l.
797 4559 974 4612 attinnt&
1182 4570 1185 4577 '

187 4641 261 4691 vol..
283 4642 320 4692 11.
706 4644 734 4693 H
751 4646 785 4691 m
