3092 5200
475 386 552 453 Llss.
565 389 666 452 m
687 391 768 452 CAP.
782 390 879 452 xvlt
1139 399 1196 465 ddi

150 539 163 578 ⁸
176 545 217 608 ad
225 552 362 608 senatum
370 545 485 608 mittite
494 543 633 627 legatos!
656 543 828 610 ltadimissi
835 544 1115 629 Karthaginem,
1124 549 1194 615 nul-
1207 563 1240 614 u,
1252 563 1282 612 c.
1292 569 1349 617 aas.

12 619 13 712 ]
150 629 196 692 los
211 632 391 694 recusandas
404 631 595 694 conditiones
604 631 689 713 pacis
698 652 792 714 quum
799 633 999 710 censuissent,
1012 634 1193 733 (quipppqui
1206 631 1236 679 A.
1246 628 1277 682 c.
1286 633 1344 682 2⁰³.

151 737 270 779 moram
278 717 428 802 temporis
437 727 614 799 quererent,
626 717 698 780 dum
709 715 865 780 Hannibal
877 719 910 780 in
919 716 1058 786 Africam
1069 723 1196 806 trajice-

151 805 210 882 ret)
221 803 339 885 legatos
353 805 427 866 alios
439 804 479 864 sd
488 801 674 886 Scipionem,
689 818 723 867 ut
734 803 873 868 inducias
885 803 1032 885 lacerent,
1042 807 1118 875 alios
1128 805 1192 871 Ro·

151 907 233 950 mam
244 890 283 952 ad
292 911 399 974 pacem
411 889 574 972 petendam
587 889 723 968 mittunt,
733 890 879 952 ducentes
890 909 1004 974 paucos
1013 891 1046 954 in
1059 894 1191 976 speciem

150 973 1191 1128 tillaltstat{teltllttlltlt‘lltl'ttzl
1251 1086 1258 1099 ·

149 1127 263 1229 ltusque
272 1106 473 1210 llumidarum
483 1147 623 1230 captivis,
633 1102 860 1210 Romam'veuit
869 1171 880 1226 3
906 1083 1030 1232 diisque
1044 1083 1191 1216 ierlrica
1201 1083 1356 1228 3³:¹35*

147 1241 234 1314 gesta
248 1245 359 1313 essent,
372 1235 477 1296 onmia
489 1234 630 1315 exposuit
644 1234 750 1296 ordine
761 1231 910 1314 Patribus,
922 1235 1040 1318 ingenti
1054 1237 1190 1304 omniun
1201 1230 1263 1266 Μ’
1272 1230 1346 1271 '‘⁰¹“

148 1329 180 1379 et
194 1317 225 1380 in
241 1339 371 1402 praesens
387 1319 502 1398 latitia,
525 1331 568 1383 et.
580 1320 611 1382 in
634 1319 767 1384 sumtum
782 1341 847 1403 spe.
890 1318 1030 1384 Consulti
1043 1321 1117 1386 inde
1130 1319 1189 1388 Pa-

147 1416 208 1466 tres
223 1425 326 1487 regern
342 1406 373 1468 in
389 1405 560 1470 custodiam
571 1404 683 1468 Albam
696 1407 879 1470 mittendum
895 1421 1099 1473 censuerunt:
1121 1405 1188 1474 Ia·

146 1489 220 1552 lium
250 1493 452 1570 retinendum,
486 1493 584 1554 donec
621 1491 712 1574 legati
742 1491 1013 1576 Karthaginienses
1041 1495 1190 1571 venirent.

148 1573 338 1659 Supplicatio
353 1579 384 1640 in
399 1578 594 1661 quatriduum
613 1581 735 1641 decreta
750 1589 807 1642 est.
837 1576 870 1641 P.
881 1577 982 1642 AElius
998 1593 1118 1664 praetor,
1137 1603 1188 1644 se·

147 1674 223 1724 natu
231 1663 334 1741 misso,
344 1673 378 1726 et
386 1667 532 1728 concione
544 1665 616 1728 inde
627 1665 787 1742 advocata,
801 1685 872 1729 cum
882 1663 919 1728 C.
929 1664 1022 1728 laaelio
1033 1668 1066 1728 in
1077 1667 1190 1737 Rostra

148 1750 294 1811 escendit.
339 1749 385 1814 lbi
394 1773 466 1815 vero
478 1752 644 1830 audientes,
659 1751 741 1814 finos
756 1749 1057 1834 Karthaginiensium
1069 1756 1187 1818 exerei-

148 1847 208 1912 tus,
227 1835 377 1900 devictum
392 1851 425 1901 et
436 1850 559 1922 captum
579 1839 712 1922 ingentis
727 1839 859 1900 nominis
878 1856 994 1920 regem,
1008 1836 1193 1904 Numidiam·

148 1940 270 1983 omnem
277 1923 866 2008 egregisvictoriapersgratam,tacitum
877 1925 1033 1988 continere
1042 1924 1187 2006 gaudium

147 2025 209 2068 non
218 2019 371 2089 poterant,
380 2011 453 2092 quin
464 2010 655 2089 clamoribus,
667 2011 834 2094 quibusque
845 2010 912 2072 aliis
923 2010 1089 2079 multitudo
1098 2011 1188 2090 solet,

146 2092 282 2170 lastiniam
305 2095 489 2160 inmodicam
511 2097 726 2180 significarent.
770 2093 877 2182 ltaque
898 2107 1008 2179 praetor
1032 2097 1189 2180 externplo

147 2178 254 2257 edixit,
269 2177 346 2244 ‘Uti
361 2184 463 2246 aeditui
473 2183 554 2245 ades
566 2201 668 2244 sacras
680 2185 787 2245 omncs
795 2183 946 2246 totaurbe
956 2183 1119 2266 aperirent,
1127 2184 1189 2253 cir·

146 2264 345 2346 ‘cumeundi,
367 2268 578 2350 salutandique
592 2266 692 2345 Deos,
706 2269 874 2354 agendique
888 2280 991 2352 grates
1011 2289 1066 2352 per
1086 2281 1187 2334 totum

146 2349 157 2383 ‘
171 2350 253 2412 diem
269 2353 382 2436 populo
396 2364 530 2437 potestas
548 2352 655 2418 lieret'
678 2351 806 2418 Postero
820 2354 871 2418 die
885 2355 1003 2444 legatos
1017 2354 1189 2419 Mennim
1199 2372 1280 2423 onos
1289 2371 1326 2424 le-

145 2436 177 2496 in
193 2451 331 2502 senatum
346 2439 526 2504 introduxit.
547 2437 699 2504 Gratulati
712 2441 844 2524 primum
855 2440 974 2504 senatui
985 2453 1071 2521 sunt,
1082 2442 1185 2524 fquod
1198 2450 1302 2520 ΜΨ

144 2523 154 2556 ‘
171 2521 204 2585 P.
218 2521 323 2609 Scipio
341 2548 412 2611 pros
452 2548 483 2588 re
502 2546 550 2588 res
569 2527 601 2588 in
619 2523 726 2590 Africa
741 2527 923 2609 gessisset&
945 2526 1056 2593 deinde
1069 2530 1185 2613 gratias
1197 2505 1326 2621 25¹3ss

143 2623 282 2692 egerunt,
297 2613 399 2695 ‘quod
449 2614 606 2677 asinissam
621 2634 682 2677 non
696 2613 879 2697 adpellasset
893 2615 987 2678 modo
1001 2616 1188 2698 regemne
1312 2605 1321 2621 ⁶

12 2688 15 2725 ²
143 2696 153 2731 ‘
168 2696 301 2777 lecisset,
315 2700 502 2765 testimendo
518 2700 548 2761 in
571 2712 733 2782 paternum
748 2719 895 2783 regnum:
917 2700 1026 2783 inquo
1040 2716 1112 2785 post
1126 2700 1185 2787 Sy·

142 2782 153 2815 ‘
168 2783 297 2866 phacem
312 2786 476 2863 sublatum,
499 2786 525 2846 si
541 2786 585 2847 ita
599 2784 735 2849 Patribus
755 2788 854 2849 visum
868 2798 959 2863 esset,
974 2788 1040 2848 sine
1053 2800 1139 2863 metu
1152 2800 1187 2855 et

12 2899 15 2926 r
141 2868 336 2931 ‘·certamine
350 2883 431 2933 esset
445 2870 645 2951 regnaturus?
667 2868 759 2948 Dein,
780 2872 879 2952 ‘quod
898 2871 1112 2939 conlaudatum
1127 2894 1186 2956 pro

12 2970 15 3052 ζ
142 2954 153 2985 ‘
166 2954 316 3017 concione
330 2956 522 3038 amplissimis
538 2956 712 3019 decorasset
726 2956 835 3017 donis:
858 2956 967 3037 quibus
986 2974 1025 3019 ne
1039 2958 1185 3040 indignus

143 3040 260 3118 ‘esset
274 3052 309 3103 et
319 3041 441 3105 dedisse
455 3062 578 3125 operam
591 3039 798 3120 Masinissam,
807 3054 840 3106 et
848 3064 940 3126 porro
952 3041 1093 3107 daturum
1107 3064 1185 3115 csse.

12 3165 14 3193 r
143 3124 153 3158 ‘
169 3124 287 3208 Petere,
294 3138 331 3189 ut
339 3128 456 3211 regium
465 3148 577 3191 nomen
587 3138 747 3209 ceteraque
757 3125 910 3211 Scipionis
921 3128 1108 3197 benefidw
1117 3150 1185 3195 mn·

14 3248 16 3259 ›
142 3212 243 3277 ‘nera
255 3224 378 3277 seusun
393 3214 518 3276 decreto
539 3213 749 3277 confirmaret:
772 3226 815 3292 et,
837 3214 896 3277 nisi
918 3214 1082 3279 molestum
1095 3230 1186 3296 esset,

14 3318 15 3325 ¹
142 3298 153 3333 ‘
168 3298 243 3366 illud
261 3320 380 3384 qaoque
394 3313 499 3383 petere
514 3298 722 3379 Masinissam,
744 3312 781 3365 ut
796 3297 948 3365 Numidas
970 3303 1119 3384 captivos,
1131 3304 1186 3388 qui

14 3510 15 3519 η
142 3471 331 3556 ‘populares
346 3472 481 3537 futurum
506 3468 594 3537 essc.'
637 3472 687 3535 Ad
702 3494 741 3535 ea
754 3494 932 3557 responsum
947 3472 1076 3557 legatis:

14 3436 15 3445 ,
142 3383 274 3451 ‘Rornae
283 3387 316 3448 in
325 3388 464 3449 custodia
473 3398 587 3466 emant,
602 3388 803 3451 remitterent.
836 3385 874 3450 ld
887 3386 1091 3470 sibismplum
1102 3389 1186 3537 sppd

1149 3496 1185 3538 ρ.

1083 3542 1089 3551 ι

14 3570 15 3641 j
141 3556 233 3621 ‘rum
247 3572 403 3643 gestarum
420 3560 452 3621 in
466 3558 571 3623 Africa
585 3580 727 3643 prospere
742 3580 935 3633 communem
951 3560 1009 3623 sibi
1025 3581 1095 3623 cum
1111 3582 1184 3644 rege

14 3646 17 3725 ’,
136 3642 153 3676 ²
167 3644 403 3727 grandationetn
425 3666 503 3709 esse.
545 3642 722 3730 Scipionem
746 3657 828 3712 reete
851 3656 944 3728 atque
962 3646 1076 3709 ordine
1089 3646 1184 3720 rideri

136 3731 153 3764 '‘
163 3730 284 3811 fecisse,
295 3732 378 3814 quod
390 3752 459 3794 cunt
474 3752 576 3815 regem
588 3732 804 3815 adpellaverit:
827 3735 855 3793 ⁹¹
866 3742 909 3809 et,
935 3732 1085 3814 quidquid
1098 3733 1184 3797 alind

15 3826 17 3857 ¹
141 3814 284 3899 ‘fecerit
308 3816 391 3903 quod
405 3819 490 3881 cordi
506 3818 585 3883 foret
599 3816 780 3897 Masinissa,
805 3838 845 3880 es
858 3816 965 3881 Patres
984 3821 1183 3902 comprobare

15 3892 18 3921 '
140 3900 258 3985 ‘atque
278 3903 422 3968 laudarc.'
467 3902 610 3985 Munere,
636 3924 702 3987 quse
723 3904 818 3987 legati
844 3902 957 3968 ferrent
977 3904 1054 3987 regi,
1076 3904 1181 3968 decre·

138 4001 269 4052 rerunt:
305 3992 410 4075 sagula
438 4012 590 4075 purpurea
623 3992 685 4054 duo
718 4012 790 4053 curn
818 3990 922 4053 libulis
948 3992 1048 4055 aureis
1075 3990 1180 4075 singu·

141 4076 191 4154 lis,
213 4087 245 4137 et
261 4076 324 4139 lato
347 4078 433 4140 claro
459 4078 594 4141 tunicis:
620 4090 652 4140 et
677 4097 771 4161 equos
801 4076 863 4139 duo
891 4077 1088 4161 phaleratos:
1110 4077 1183 4141 bina

15 4214 16 4217 ,
138 4162 292 4247 equestria
315 4183 400 4227 arms
423 4185 494 4233 cum
519 4164 641 4227 loricis:
668 4176 700 4229 et
723 4163 930 4242 tabernacula,
955 4163 1179 4247 militaremque

1171 4288 1177 4297 ι

169 4306 193 4345 ⁰⁸
209 4307 249 4367 Et,
265 4308 372 4373 qnidqrrid
388 4310 641 4374 sllsdfeoed....sa
672 4308 1177 4372 legito·‚asosmimonutrxur.e.n.

137 4370 228 4438 rm]
250 4373 297 4422 rae
315 4374 405 4423 suase
423 4392 470 4425 m
487 4376 531 4425 nr
547 4390 641 4441 ηιμ.
673 4376 772 4429 sanat.
804 4374 1097 4427 mammenus-1
1104 4364 1178 4439 ‘psa

135 4440 451 4507 dantsqsilqrn'd.3..oe.
481 4442 641 4491 Snereesdit
672 4440 972 4498 exnteren3trmor.a·.
1001 4439 1178 4507 lapponum

16 4508 22 4581 ’ὅ
134 4504 641 4560 assrsroLiriussooasoerisGtaosmrlcrs
673 4504 1041 4581 Pmidml’nresqooqus,
1114 4556 1119 4566 ,
1171 4556 1178 4567 ‚

178 4590 251 4636 VOL.
274 4591 310 4635 ΙΙ.
718 4594 739 4634 0
761 4595 781 4634 0
1127 4615 1131 4624 ι
