3092 5200
544 365 621 426 Llll.
636 363 723 426 XXI.
742 365 826 424 CAP.
842 363 896 423 IX.
1175 371 1213 432 17

163 520 264 584 riam*
278 519 417 584 distineri
430 519 524 604 coepti
536 531 616 584 sunt.
631 532 664 584 et
678 541 741 582 non
756 519 957 582 subiciebant
974 516 1049 601 fiam
1065 519 1147 582 enim
1165 519 1211 581 fe·
1223 530 1257 580 u.
1266 531 1295 580 c.
1306 535 1363 584 aas.

164 607 318 669 riebantur
331 607 488 688 arietibus)
516 609 603 687 muri,
630 617 858 690 quassataeque‘
877 606 980 668 multae
994 616 1097 688 partes
1112 618 1211 670 erant.
1222 597 1254 646 Δ·
1266 597 1295 648 ⁰·
1306 598 1364 647 ²¹⁸·

163 713 224 754 uua
245 693 472 758 continentibus
502 695 595 778 ruinis
624 695 791 756 nudaverat
818 692 946 754 urbem:
981 706 1043 754 tres
1065 691 1211 776 deinceps

162 791 271 856 turres,
287 791 493 863 quantumque
514 781 659 842 intereas
675 780 752 842 muri
768 791 844 857 erat,
870 799 940 840 curn
961 777 1079 862 fragore
1102 778 1211 861 ingen-

162 865 188 926 ti
212 867 426 948 prociderant:
462 878 645 948 captumque
672 866 820 949 oppidum
845 886 883 927 ea
908 865 995 926 ruina
1020 865 1214 928 crediderant

162 949 268 1030 Poeni3
292 973 362 1034 qua,
391 953 474 1016 velut
503 953 527 1014 si
559 953 671 1035 pariter
701 963 845 1033 auosque
874 972 979 1014 murus
1010 952 1146 1030 texisset,
1169 952 1214 1013 ita

161 1038 313 1120 utrimque
344 1040 388 1122 in,
405 1059 540 1121 pugnarn
570 1059 749 1122 procursum
780 1049 838 1100 est.
891 1035 980 1098 Nihil
1012 1037 1214 1100 tumultuaria

161 1143 272 1206 pugne
294 1124 393 1188 simile
422 1137 498 1203 erat,
528 1127 633 1207 quales
662 1125 693 1186 in
716 1123 996 1207 obpugnationibus
1018 1125 1138 1186 urbium
1160 1145 1216 1206 per

162 1212 356 1274 occasionem
371 1212 467 1294 partis
482 1211 605 1273 alterius
621 1211 740 1274 conseri
755 1211 876 1286 solent3
903 1209 958 1271 sed
978 1213 1004 1250 ³⁹
1011 1207 1102 1292 justa.
1122 1211 1218 1288 acies,

163 1297 244 1358 velut
260 1298 377 1380 patenti
394 1319 514 1380 campo,
539 1298 618 1360 inter
634 1297 735 1358 ruinas
756 1297 836 1357 muri
856 1307 999 1378 tectaque
1016 1296 1097 1357 urbis
1113 1296 1214 1359 modi-

162 1404 201 1444 co
217 1383 365 1446 distantia
380 1382 540 1446 intervallo
555 1384 766 1446 constiterant.
784 1383 855 1444 hinc
871 1403 951 1464 spes,
976 1382 1047 1444 hinc
1069 1383 1215 1465 despera-

162 1469 210 1536 tiu
231 1470 349 1532 animos
378 1471 496 1532 irritat:
520 1467 615 1532 Poeno
634 1469 751 1551 cepisse
769 1466 837 1550 jam
859 1490 891 1529 se
914 1469 1033 1546 urbem,
1055 1469 1080 1529 si
1095 1469 1215 1551 paullu-

162 1554 227 1616 lum
251 1556 417 1634 adnitatur,
444 1556 587 1619 credente
599 1579 609 1633 ;
633 1553 811 1637 Saguntinis
835 1576 891 1638 pro
917 1555 1035 1616 nudata
1063 1555 1215 1616 moenibus

161 1641 264 1722 patria
288 1663 416 1723 corpora
438 1643 673 1724 obponentibus,
699 1661 757 1702 nec
782 1640 846 1702 ullo
870 1641 980 1723 pedem
995 1640 1157 1720 referente,
1175 1661 1217 1703 ne

164 1727 220 1787 in·
248 1727 387 1788 relictum
410 1749 429 1788 a
449 1748 482 1788 se
506 1727 627 1788 locum‘
653 1728 774 1788 hostem
798 1727 979 1788 inmitteret.
1024 1725 1132 1809 Itaque
1154 1747 1216 1810 quo

164 1811 265 1874 acrius
292 1822 325 1873 et
353 1811 505 1874 conferti¹²
531 1813 627 1893 magis
649 1811 803 1892 utrimque
830 1813 1019 1892 pugnabant,
1049 1834 1087 1872 co
1115 1814 1215 1894 plures

162 1897 410 1976 vulnerabantur,
445 1897 528 1959 nullo
558 1899 637 1959 inter
671 1919 757 1958 arma
790 1917 978 1979 corporaque
1015 1917 1091 1960 vano
1121 1899 1216 1960 inter-

162 1984 287 2045 cidente
297 1982 371 2044 telo.
399 1981 1219 2062 ‘⁰FalaricaeratSaguntinis,missiletelum“hastili

163 2069 295 2150 abiegno
304 2078 330 2146 ¹,
350 2080 382 2140 et
396 2081 501 2131 cetera
516 2069 616 2146 tereti,
639 2079 840 2149 praeterquam
865 2066 906 2128 ad
927 2079 1109 2147 extremum,
1134 2065 1239 2133 unde

163 2155 276 2218 ferrum
292 2156 441 2217 exstabat.
458 2155 499 2232 id,
522 2155 602 2218 sicut
618 2154 649 2214 in
663 2153 738 2237 pilo,
754 2153 939 2234 quadratum
954 2165 1067 2236 stuppa
1082 2156 1214 2217 circum-

162 2242 311 2324 ligabant,
332 2241 526 2323 linebantque
549 2242 627 2322 pice.
671 2238 833 2302 “Ferrum
855 2249 959 2302 autem
985 2252 1045 2302 tres
1065 2241 1217 2324 longum!

162 2328 297 2390 habebat
312 2327 416 2410 pedes,
431 2337 466 2390 nt
480 2348 550 2388 cum
566 2327 658 2389 armis
674 2325 851 2407 transfigere
867 2346 976 2407 corpus
992 2338 1107 2409 posset.
1150 2326 1214 2391 Sed

162 2415 197 2476 id
224 2413 367 2490 maxime,
397 2413 515 2476 etiamsi
542 2413 677 2475 haesisset
707 2414 739 2474 in
761 2425 860 2490 scuto,
889 2432 947 2474 nec
970 2425 1159 2494 penetrasset
1181 2415 1213 2478 in

163 2520 284 2582 corpus,
309 2520 452 2581 pavorem
479 2498 632 2575 faciebat3
656 2498 749 2578 quod,
774 2517 868 2578 quum
892 2498 1027 2559 medium
1050 2520 1212 2564 accensum

162 2587 344 2666 mitteretur,
360 2596 602 2669 conceptumque
626 2585 693 2667 ipso
720 2595 807 2645 motu
829 2584 927 2647 multo
942 2581 1092 2673 majorem
1108 2587 1211 2669 ignem

161 2674 264 2749 ferret,
278 2692 363 2735 arma
378 2673 478 2735 omitti
493 2673 636 2755 cogebat,
652 2670 826 2751 nudumque
842 2669 972 2733 militem
995 2670 1036 2733 ad
1050 2672 1211 2755 insequen-

163 2771 211 2823 tes
226 2759 304 2821 ictus
320 2760 485 2841 praebebat.

204 2843 263 2907 IX.
285 2848 312 2884 ⁴³
322 2844 445 2917 Quum¹
470 2845 520 2907 diu
536 2864 649 2927 anceps
663 2842 770 2905 fuisset
784 2853 951 2921 certamen,
975 2856 1007 2907 et
1022 2842 1211 2927 Saguntinis,

192 3022 206 3057 t
221 3015 408 3063 multimodum
418 3014 491 3064 Groo.
503 3014 571 3063 Crer.
653 3020 664 3046 ¹
678 3020 783 3077 quarrata
791 3028 874 3076 quoqne
883 3012 948 3061 aad.
1027 3020 1038 3046 ⁸
1053 3014 1077 3063 in
1086 3014 1134 3064 del.
1145 3013 1211 3062 aaa

160 3079 170 3112 ⁸
183 3079 262 3127 relicto
271 3096 286 3125 a
296 3095 317 3127 rr
328 3080 371 3129 loro
381 3080 447 3130 Ena.
546 3086 558 3111 ⁸
573 3078 689 3142 confirtim
700 3078 764 3125 aad.
863 3084 875 3109 ¹
890 3078 981 3141 &longo
991 3075 1066 3129 Gran.
1159 3086 1170 3121 5
1186 3080 1211 3129 irr

160 3143 253 3207 longum
264 3142 339 3191 Grau.
531 3150 542 3175 ¹
556 3144 607 3191 add.
618 3158 669 3207 ergo
679 3140 754 3191 Groti-
765 3140 834 3189 cm.

160 3256 254 3318 quode
271 3256 360 3303 duobus
380 3253 470 3318 scriptis
492 3252 558 3301 affert
576 3256 670 3301 Grooo·
702 3252 919 3315 qnoqueeditiouer
937 3252 962 3299 in
981 3251 1025 3299 ulia
1038 3253 1116 3301 omnis
1134 3253 1210 3303 abire.

160 3323 224 3380 vius,
245 3334 288 3369 nor
308 3321 333 3367 in
349 3320 546 3381 unoreperirnur:
567 3320 670 3365 multin-
700 3318 783 3379 ltaque
812 3333 843 3365 ex
869 3326 949 3364 nocuo
974 3315 1082 3365 instituto
1104 3319 1210 3382 scriptam
1242 3310 1246 3337 '

159 3387 219 3433 rin
240 3386 351 3445 distineri,
374 3384 396 3432 id
417 3394 463 3443 err,
481 3384 506 3431 in
525 3382 610 3431 multer
630 3399 669 3430 ra·
699 3382 835 3443 lectionem,
865 3397 918 3443 quar
949 3380 1034 3430 nullius
1065 3380 1115 3429 ririi
1146 3384 1210 3446 argui

159 3452 252 3511 riarqrre
291 3447 453 3506 ncrdisrralri,
464 3448 571 3495 distendi.
699 3446 770 3510 ponit
789 3446 916 3508 sequimur.

192 3514 241 3550 ⁹⁴
272 3510 542 3577 rrnaemaJQuaejure
562 3509 668 3572 dicipos·
731 3480 860 3557 “i'errum
888 3518 962 3557 auton
984 3520 1029 3557 rra
1057 3510 1207 3574 longando.

160 3578 298 3627 saurauer.
331 3576 559 3641 opponanturjnrrae
575 3577 667 3622 waiet
698 3574 759 3623 lator
773 3575 848 3639 peda]
871 3573 973 3623 falarica
998 3573 1087 3622 ferrum
1105 3574 1206 3625 latebre

160 3644 308 3692 tumultuario
316 3658 402 3707 pugno.
698 3638 792 3699 longum
811 3651 860 3687 tm
877 3640 955 3703 podes.
995 3638 1032 3688 Sic
1059 3639 1142 3705 purim
1171 3640 1206 3689 lo·

190 3708 216 3743 ⁴⁰
231 3707 348 3771 Falariau]
366 3707 421 3756 Hoc
436 3703 519 3761 telum,
533 3714 594 3753 terte
610 3702 667 3751 Fer·
699 3706 778 3766 quitur
797 3704 882 3753 lirina.
913 3704 985 3764 tntu,
1011 3720 1034 3752 e.
1053 3707 1093 3754 28.
1125 3703 1206 3754 nm

161 3785 195 3829 to,
208 3786 296 3822 nornen
321 3772 391 3821 babet
417 3787 431 3819 a
452 3769 521 3833 salis.
536 3785 588 3832 qun
612 3778 667 3815 ruat
698 3784 768 3816 um
787 3769 890 3817 &autor
925 3769 1014 3832 lugon
1041 3769 1112 3831 pedes
1144 3782 1204 3818 riri.

161 3838 330 3899 inuestigare
341 3838 462 3896 militm,
480 3834 600 3883 anderen
611 3832 666 3881 mir·
700 3836 740 3883 1⁰.
766 3832 860 3897 &gmon
878 3841 957 3895 κμαιι
975 3834 1039 3894 μω
1065 3834 1145 3881 σωκ.
1178 3845 1205 3881 st

161 3904 280 3953 teltantur.
697 3896 753 3944 alibi
765 3897 856 3959 sepius.
888 3896 951 3945 Editi
972 3897 1040 3957 vulgo
1055 3896 1144 3944 habent
1161 3904 1206 3944 tm

191 3970 212 4003 ⁴¹
234 3968 320 4016 Haedi
335 3966 436 4078 abiegnqq
461 3964 599 4012 iamdudum
609 3963 664 4027 up·
697 3962 832 4023 inlcrrgru.
864 3962 910 4010 ssa
930 3962 1115 4025 prepositiones
1138 3960 1203 4021 iguo-

160 4035 216 4096 riur,
240 4032 362 4082 Poliorcet.
439 4062 446 4079 .
467 4029 521 4077 diri.
539 4032 563 4078 5.
590 4038 662 4076 rena.
694 4036 749 4075 rant
767 4029 815 4074 duo
835 4028 924 4091 aripti,
945 4040 1007 4074 nour
1023 4024 1202 4075 anaema

160 4112 199 4149 rur
218 4110 255 4148 ert
277 4097 419 4147 redidiclrra
435 4094 475 4142 hic
493 4092 627 4142 melioribus
637 4092 662 4141 ia
693 4092 740 4148 rio,
758 4091 819 4139 alter
832 4107 846 4140 a
861 4091 1060 4140 museum:
1077 4089 1203 4139 arridetur

159 4164 222 4214 libris
241 4163 288 4225 legi
311 4164 417 4227 abigao:
447 4174 501 4207 narn
519 4172 599 4207 vocem
619 4158 661 4205 iti·
692 4156 770 4206 illul>
789 4158 818 4204 iia
832 4155 971 4220 adiensqui
991 4171 1039 4203 non
1058 4153 1200 4203 ruinerlrar.

160 4231 213 4279 dero
229 4228 324 4278 exhibet
335 4242 395 4275 imur
449 4224 661 4273 ursmarum-
693 4232 775 4271 tereat
792 4223 945 4285 mendum
966 4234 1016 4269 ene
1037 4222 1081 4269 bot
1099 4218 1151 4268 loro
1168 4236 1199 4269 er

160 4296 197 4343 rio
216 4296 346 4374 ipspeetur,
362 4301 454 4371 ιρπιιιι
476 4304 567 4352 qnoque
586 4290 664 4401 “gei
694 4287 878 4399 Wlffmllm
898 4299 983 4399 mea
990 4284 1103 4361 [alaim.
1119 4284 1200 4397 ersa

160 4488 219 4540 MS.
238 4488 270 4538 ἡ
290 4490 336 4551 legi
362 4488 471 4551 affirmat,
499 4484 664 4535 vetustissimas
727 4482 751 4519 ⁴³
770 4481 848 4537 ῥεια
865 4478 930 4548 ergo]
950 4478 1026 4531 Abest
1045 4478 1077 4527 ri
1097 4490 1150 4542 erge
1169 4478 1198 4529 ab

202 4576 280 4621 vot..
290 4576 325 4620 ll.
732 4574 751 4613 t
