3092 5200
329 375 390 434 aaa
703 334 962 428 'mittum

158 531 193 648 X.
200 535 233 649 g.
244 537 300 586 aaa.
326 525 458 612 praesidii
484 527 510 570 θ’
526 524 609 590 haud
624 544 698 589 sorte
712 536 919 626 opportuniora
935 520 1153 625 insidiantibus
1168 486 1314 594 babebat.
1341 525 1377 592 la

187 657 190 664 .
222 601 297 652 ·²¹⁴·
327 615 463 680 Pinarius
481 625 554 678 eret
576 615 621 676 vir
647 633 728 691 acer,
748 624 780 675 et
803 633 853 696 qui
878 610 945 694 plus
968 632 1000 673 in
1014 632 1064 690 eo,
1086 624 1248 696 neposset
1262 614 1376 698 decipi,

325 723 418 786 quam
432 703 465 766 in
484 701 545 764 fide
570 697 753 778 Siculorum,
776 709 948 782 reponeret.
962 709 997 761 et
1009 709 1082 772 aim,
1091 698 1288 764 intenderant
1302 722 1373 765 eum

325 791 366 854 ad
380 789 506 859 cavendi
527 787 632 850 omnia
650 807 754 864 curam
770 797 820 848 tot
833 785 946 848 audite
959 785 1151 870 proditiones
1165 786 1371 851 deiectiones·

325 898 391 961 que.
409 877 540 952 urbium,
562 885 594 938 et
619 872 721 936 clades
747 872 964 955 prandiorum.
1014 869 1122 955 Itaque
1144 885 1237 936 nocte
1263 874 1372 956 dieque

319 962 412 1046 juxta
433 973 542 1046 parata
564 961 772 1042 instructaque
792 959 896 1022 onmia
916 959 1063 1021 custodiis
1087 979 1123 1020 ac
1137 960 1249 1042 vigiliis
1263 975 1371 1024 erant:

324 1071 381 1114 nec
397 1050 435 1112 ab
449 1048 541 1112 mmie
557 1046 693 1120 autloco
709 1066 764 1108 suo
779 1045 867 1108 miles
882 1044 1075 1109 abscedebat.
1108 1044 1199 1116 Quod
1215 1048 1266 1108 ubi
1282 1046 1372 1110 Hen-

324 1138 464 1210 nensium
488 1135 649 1218 principes,
668 1131 736 1214 jam
760 1133 844 1214 pacti
868 1152 938 1194 cum
954 1130 1128 1196 Himilcone
1144 1131 1182 1196 de
1195 1135 1371 1216 proditione

324 1217 467 1306 presidii,
494 1221 783 1297 animadverterunt,
804 1219 880 1281 nulli
899 1219 1055 1291 occasiom
1069 1218 1182 1282 itandis
1196 1219 1368 1284 Romanum

323 1322 439 1392 patere,
454 1313 481 1350 ⁹⁰
493 1309 597 1393 palam
612 1317 716 1370 rentur
724 1316 749 1363 ¹¹².
767 1305 930 1387 agendum.
974 1306 985 1339 ‘
1000 1303 1117 1368 Urbem
1133 1327 1293 1390 arcemque
1307 1329 1371 1372 sua

323 1394 532 1480 ‘potestatis’
554 1394 651 1471 aiunt,
674 1394 684 1428 ‘
699 1393 810 1456 debere
824 1413 902 1470 esse,
916 1392 943 1452 si
958 1391 1044 1454 liberi
1060 1392 1093 1454 in
1107 1393 1295 1474 societatem,
1306 1417 1370 1458 non

323 1484 424 1546 ‘servi
450 1484 483 1544 in
506 1480 687 1558 custodiam,
711 1479 817 1542 uaditi
835 1489 938 1542 essent
963 1477 1121 1542 Romanis.
1144 1480 1246 1563 itaque
1270 1482 1370 1547 claves

324 1573 335 1605 ‘
350 1582 505 1653 portarum
529 1567 614 1632 reddi
628 1564 702 1628 sibi’
725 1578 845 1648 aquarn
859 1578 996 1629 censent.
1040 1566 1051 1599 ‘
1065 1563 1162 1629 Bonis
1176 1569 1265 1633 sociis
1278 1568 1369 1632 lidem

323 1659 334 1689 ⁴
349 1677 437 1720 suam
451 1655 619 1718 maximum
632 1654 789 1716 vinculum
803 1674 888 1716 esse:
912 1663 945 1715 et
959 1653 1006 1715 ita
1019 1652 1078 1715 sibi
1091 1653 1239 1736 populum
1254 1654 1370 1720 Roma·

324 1746 423 1816 fnum
448 1753 646 1826 senatumque
671 1741 789 1824 gratias
814 1740 1001 1820 habiturum,
1025 1741 1052 1801 si
1074 1740 1224 1821 volentes,
1246 1762 1284 1804 ac
1308 1761 1373 1805 non

324 1829 460 1907 {coacti
486 1829 669 1894 mansissent
691 1829 723 1890 in
750 1824 906 1890 amicitia’
950 1825 1001 1888 Ad
1014 1848 1052 1889 aa
1067 1825 1235 1907 Romanus,
1258 1825 1325 1890 ‘Se
1340 1829 1372 1890 in

324 1916 491 2000 ‘prasidio
505 1915 672 1999 inpositum
687 1912 773 1994 esse,’
790 1913 904 1992 dicere,
923 1913 984 1974 ‘ab
1004 1912 1189 1997 imperatore
1206 1935 1282 1977 suot
1303 1915 1370 1977 cla-

324 2005 334 2037 ‘
350 2025 459 2088 vesque
474 2017 632 2088 portarum
656 2011 689 2064 et
707 1999 878 2064 custodiam
900 2000 978 2062 arcis
999 2001 1039 2062 ab
1057 2021 1096 2063 eo
1115 2001 1278 2083 accepisse,
1301 2021 1368 2082 quea

288 2131 292 2138 -
323 2090 406 2156 ‘nec
430 2111 485 2152 suo
509 2110 565 2152 nec
591 2087 804 2152 Hennensium
831 2086 955 2149 arbitrio
980 2087 1118 2167 haberet,
1139 2087 1195 2150 sed
1218 2085 1292 2170 ejus,
1314 2088 1367 2171 qui

323 2177 334 2210 ‘
348 2176 561 2247 commisisset.
575 2175 715 2258 prasidio
730 2174 875 2238 decedere
889 2173 972 2255 apud
988 2169 1143 2235 Romanos
1156 2174 1271 2256 capital
1282 2195 1367 2238 esse:

323 2263 381 2324 ‘et
406 2283 481 2324 nece
506 2263 671 2325 liberorum
697 2262 793 2324 etiarn
816 2279 938 2323 suorum
964 2263 989 2300 ⁰¹
1007 2281 1074 2322 eam
1100 2261 1200 2342 legem
1225 2275 1369 2343 parentes

323 2348 495 2419 (saarim.
539 2346 704 2410 Consulem
720 2345 901 2411 Marcellum
917 2346 1000 2409 haud
1014 2347 1119 2430 procul
1133 2367 1220 2409 esse:
1245 2348 1284 2410 ad
1298 2368 1370 2410 eum

324 2435 504 2502 (mitterent
526 2433 655 2516 legatos,
679 2437 706 2474 ⁹²
721 2432 808 2517 cujus
829 2431 907 2515 juris
931 2445 1021 2517 atque
1045 2434 1160 2497 arbitrii
1181 2433 1284 2496 esset!
1328 2432 1370 2497 Se

324 2541 395 2592 uero
410 2541 523 2603 negare
538 2521 580 2583 illi
598 2521 759 2582 missuros:
783 2521 958 2603 testarique,
982 2521 1007 2582 si
1030 2522 1127 2582 verbis
1142 2512 1368 2604 nibil'agerent,

324 2608 489 2683 undictam
505 2608 636 2693 aliquam
652 2608 801 2671 libertatis
814 2629 876 2670 susa
890 2608 1076 2690 quesituros.
1095 2635 1099 2643 ·
1119 2606 1200 2670 Tum
1215 2606 1367 2671 Pinarius:

324 2695 335 2727 ‘
350 2694 453 2774 atilli,
475 2696 501 2756 si
515 2696 555 2757 ad
569 2696 725 2759 consulem
741 2706 936 2777 gravarentur
950 2695 1081 2775 mittere,
1104 2694 1160 2768 sibi
1180 2696 1289 2775 saltem
1313 2696 1368 2758 da·

325 2781 420 2844 ‘rent
442 2783 547 2864 populi
573 2782 763 2845 concilium:
795 2794 832 2845 ut
856 2782 991 2859 sciretm,
1016 2792 1118 2845 utmm
1145 2802 1310 2865 paucorum
1333 2804 1370 2844 ea

325 2868 544 2948 ‘denunciata
566 2890 606 2932 an
633 2870 777 2933 universas
794 2869 935 2947 civitatis,
954 2866 1074 2933 essent’
1109 2872 1136 2909 ⁰³
1152 2866 1309 2948 consensa
1335 2870 1368 2931 in

324 2968 481 3038 posterum
496 2956 578 3019 diem
594 2956 702 3029 concio
717 2956 857 3019 edicitur.
1051 3003 1055 3009 .

366 3040 546 3105 XXXVlll.
563 3041 726 3125 Postquam
738 3044 778 3107 ab
788 3065 827 3107 eo
835 3042 1000 3125 conloquio
1010 3042 1043 3105 in
1055 3062 1157 3105 arcem
1167 3043 1370 3126 sese-recepit,

252 3131 278 3191 .’
324 3130 540 3193 “convocatis
565 3130 722 3210 militibus,
752 3131 763 3164 ‘
790 3129 890 3193 Credo
914 3150 973 3211 ego
995 3150 1049 3192 vos
1074 3129 1207 3206 audisse,
1225 3128 1368 3207 ‘milites'

208 3243 213 3253 ·
324 3217 432 3301 inquit,
459 3218 741 3299 ‘quemadmodum
768 3217 909 3301 presidia
933 3216 1074 3279 Romana
1103 3218 1142 3280 ab
1168 3212 1280 3279 Siculis
1308 3217 1368 3279 cir-

668 3374 685 3400 n
701 3375 780 3415 miter
789 3366 806 3418 l.
816 3376 864 3415 aut
874 3363 949 3417 Gron.
961 3365 1030 3415 Cres.

355 3467 402 3505 ⁸⁹·
414 3466 702 3531 Haeo....opporrmm
722 3471 829 3519 insidian-
861 3470 968 3534 edicitar]
989 3471 1078 3519 Omnes
1094 3470 1172 3537 scripti
1189 3483 1267 3521 wast
1287 3472 1368 3521 ultima

323 3532 391 3593 tibus]
415 3530 463 3585 Qui
489 3546 513 3578 ee
538 3547 584 3581 non
606 3532 671 3584 facile
693 3535 829 3598 captandum
861 3552 925 3585 vocs.
942 3536 1011 3585 Unde
1020 3536 1150 3586 Groetorius
1159 3538 1280 3601 legendum
1288 3550 1367 3603 putet:

322 3596 434 3659 praeberet
452 3596 619 3647 insidiantibus.
651 3599 688 3648 Sic
708 3615 776 3663 supra
794 3613 828 3650 vt.
861 3602 1108 3666 marmiapostemss
1120 3604 1178 3651 dien
1189 3606 1269 3653 acacia
1301 3600 1369 3657 Qec·

322 3662 363 3709 tt.
429 3668 536 3722 penuriae
545 3665 660 3725 eruptiom.
859 3667 928 3714 modo
945 3682 1012 3730 supra
1028 3667 1046 3717 l.
1064 3680 1084 3717 t.
1101 3683 1124 3719 c.
1139 3670 1181 3718 ³2.
1213 3667 1302 3718 aaa·
1319 3680 1369 3719 eret

334 3724 391 3781 ,¹⁹⁰·
425 3724 484 3772 darn
503 3733 551 3773 erae
574 3726 696 3791 agendam]
727 3728 828 3795 Conjsee·
858 3747 989 3782 eomun-
1252 3778 1256 3783 .

322 3801 374 3839 tun
384 3788 464 3853 Lipeii.
494 3788 570 3839 Unius
584 3792 639 3841 MS.
655 3810 732 3857 mergo
748 3797 830 3855 hebet,
891 3796 913 3831 ⁹⁴
933 3796 1057 3846 Cmasmie
1076 3796 1194 3861 simam]
1217 3800 1272 3848 Vox
1290 3798 1369 3847 ailisi-

322 3866 382 3905 teste
396 3854 521 3912 Gronovio,
532 3856 606 3917 palan
620 3868 699 3909 rentur
710 3863 828 3925 ageidae.
859 3860 899 3908 bus
911 3861 948 3911 tic
963 3861 1069 3925 displicet
1083 3874 1131 3911 tem
1148 3864 1221 3913 viciae
1234 3865 1272 3925 τᾷ
1284 3866 1373 3923 milites,

323 3921 457 4035 s‘lili'lln
469 3919 662 4051 lloe‘marm]
689 3988 743 4037 vox
761 3990 829 4055 og..
859 3928 921 4039 llll
929 3926 1370 4057 {fflss'nrfflwfflff‘

322 4051 411 4129 adjecta
427 4062 462 4101 ert
482 4000 662 4101 gaditanam.
694 4054 741 4102 Sed
758 4071 829 4118 mum
859 4064 905 4105 tor.
916 4058 1034 4108 muamus
1042 4058 1113 4106 neiis:
1132 4029 1301 4106 crediderimus
1310 4012 1366 4107 ealce

321 4129 371 4165 erae
388 4132 416 4165 ea
429 4131 507 4165 sensus
523 4128 583 4175 stare
599 4132 645 4167 noa
660 4120 741 4181 poesia,
755 4120 828 4170 iotae-
860 4120 978 4170 Gronovio
993 4122 1039 4182 legi
1054 4137 1119 4185 poree
1135 4124 1253 4170 mamas
1266 4124 1318 4170 aa
1336 4122 1368 4170 ri

322 4191 371 4229 tem
391 4180 553 4245 relinquamus.
592 4181 721 4247 Campam
741 4184 828 4235 edidits
858 4187 904 4233 aa
920 4186 987 4236 facile
1004 4188 1088 4237 mutari
1104 4188 1178 4252 potuit
1193 4187 1218 4234 in
1231 4188 1309 4236 neiis:
1323 4202 1370 4235 nec

321 4242 361 4293 dac
375 4242 490 4295 lilemrsrn
507 4249 573 4295 etiam
590 4264 678 4297 aarum
694 4264 772 4298 auore
784 4266 828 4313 ps-
859 4250 974 4301 difficilius
990 4251 1014 4300 in
1031 4255 1117 4316 quibas,
1131 4252 1151 4301 si
1167 4252 1228 4301 ione
1241 4252 1368 4317 primalis·

321 4311 497 4357 maserias.
859 4324 910 4363 tere
927 4316 986 4367 mele
1001 4316 1117 4369 efformare
1138 4318 1183 4365 ries
1205 4329 1241 4367 eet
1258 4318 1369 4382 imperito

353 4370 376 4407 θ’
401 4368 472 4431 Ceam
488 4374 552 4437 juria
570 4383 636 4439 atque
655 4378 743 4429 utana·
763 4376 825 4440 erra]
859 4380 949 4430 librario
966 4382 1049 4432 offerre
1066 4385 1123 4449 quis,
1137 4384 1199 4433 unde
1214 4398 1313 4451 monum
1331 4396 1369 4436 eet

322 4434 499 4552 &spuebant
514 4504 540 4553 ia
558 4506 740 4567 maundaria
756 4510 829 4559 emas
860 4444 1047 4514 ‘mm
