3092 5200
334 387 389 443 ια
753 348 958 439 rirtnrvn

164 550 189 599 υ
208 548 229 599 c
250 548 306 599 Μ
333 510 427 575 etiarn
451 508 573 591 civium,
597 519 647 579 ee⁴
660 508 769 592 quibus
794 510 825 585 in
839 508 954 575 Patres
977 508 1159 593 legerentur,
1190 522 1375 594 conquestus

163 586 197 666 As
207 584 238 667 c:
248 616 305 672 216.
334 609 427 677 esset,
440 597 582 682 explendi
595 609 718 661 senatis
732 619 850 677 caussa,
876 596 910 661 et
931 596 1080 680 jungendi
1095 598 1188 661 artius
1202 595 1305 661 Latini
1319 620 1376 663 no·

333 685 435 764 minis,
457 686 535 766 'pro
549 706 661 767 rusgna
675 707 706 749 re
720 683 778 747 se‘¹
792 684 942 747 suadere²
958 684 1048 761 dixit,
1066 694 1102 745 ut
1123 705 1163 747 ex
1177 684 1307 767 singulis·
1317 708 1376 770 po·

331 772 410 855 pulis
433 770 622 849 Latinorum,
643 771 722 834 binis
743 770 944 849 senamrihus‚
971 770 997 832 si
1019 768 1122 833 Patres
1144 768 1275 834 Romani
1302 794 1376 835 cen-

332 859 472 938 suissent,
499 858 606 921 civitas
631 855 764 934 daretur,
790 867 881 938 atque
906 856 938 919 in
965 856 1193 921 demortuomm
1219 858 1320 924 locum
1343 859 1375 921 in

330 956 470 1008 sensnum
499 941 681 1026 legerenturss
738 940 816 1005 Earn
857 942 1039 1005 sententiam
1077 944 1159 1007 hand
1196 946 1374 1027 equioribns

331 1032 452 1111 animis,
491 1052 582 1112 quam
612 1020 932 1113 ipsorum*quondam
962 1031 1147 1112 postulatum
1185 1028 1375 1110 Latinorum,

331 1116 437 1181 Patres
451 1118 632 1180 audiemutz
653 1128 696 1195 et,
710 1136 803 1197 quum
818 1116 955 1179 fremitus
969 1116 1195 1197 indignantium
1210 1130 1278 1183 tota
1291 1119 1377 1183 curia

331 1217 422 1282 esset,
443 1215 477 1267 et
491 1204 640 1288 praecipue
661 1199 845 1281 ⁷ManIius¹‚
871 1205 958 1266 ‘esse
979 1202 1075 1265 etiam
1096 1224 1178 1267 nunc
1192 1205 1295 1287 stirpis
1309 1203 1376 1287 ejus

331 1292 341 1324 ‘
356 1288 475 1371 virum,'
485 1290 610 1367 diceret,
625 1290 637 1323 ‘
645 1291 707 1351 ⁸ex
718 1309 777 1371 qua
788 1288 941 1371 quondam
952 1290 983 1352 in
995 1287 1148 1374 Capitolio
1158 1292 1264 1355 consul
1273 1292 1374 1355 mina-

332 1378 342 1410 ‘
358 1391 407 1441 tus
418 1390 508 1456 esset,
522 1396 613 1459 quem
627 1373 771 1439 latinum
786 1376 917 1438 incuria
933 1375 1067 1453 vidisset,
1085 1398 1155 1439 enm
1166 1398 1221 1441 sua
1234 1398 1328 1441 manu
1343 1398 1376 1440 se

331 1462 586 1532 ‘interfecturum
596 1461 619 1540 ;'
647 1462 686 1534 Q.
697 1460 809 1524 Fabius
821 1460 989 1547 Maximus,
1013 1462 1025 1496 ‘
1033 1460 1207 1546 Numquam
1227 1466 1270 1527 rei
1286 1464 1375 1527 ullius

332 1551 343 1583 ‘
358 1551 503 1613 alieniore
514 1562 656 1632 tempore
663 1548 849 1612 mentionem
862 1549 978 1613 iactam
989 1550 1020 1611 in
1032 1551 1161 1631 senatu,’
1168 1550 1257 1631 dixit,
1270 1552 1376 1633 ‘quarn

333 1638 344 1672 ‘
359 1638 439 1699 inter
455 1648 520 1699 tam
534 1656 696 1719 suspensos
716 1635 870 1699 sociorum
888 1636 1006 1699 animos
1017 1635 1224 1720 incertamque
1239 1636 1331 1701 fidem
1345 1636 1377 1699 id

334 1725 345 1757 ‘
361 1735 488 1802 tactum,
498 1722 581 1805 quod
596 1723 719 1805 insuper
733 1722 912 1787 sollicitaret
922 1744 985 1785 eos.
999 1743 1069 1785 eam
1082 1724 1170 1787 unius
1181 1724 1314 1788 hominis
1329 1737 1376 1788 te·

330 1812 346 1845 '‘
360 1810 520 1873 merariam
530 1830 636 1872 vocem
647 1808 769 1871 silentio
782 1810 919 1873 omnium
931 1808 1181 1892 exstinguendam
1193 1832 1278 1874 esse:
1294 1824 1337 1891 et,
1350 1812 1376 1875 si
1485 1812 1490 1824 '

334 1898 346 1933 ‘
360 1896 435 1978 quid
448 1917 594 1978 umquam
609 1896 711 1959 arcani
725 1896 861 1959 sanctive
873 1897 915 1959 ad
926 1895 1075 1959 silendum
1084 1898 1115 1959 in
1132 1898 1215 1960 curia
1228 1898 1329 1976 fuerit,
1345 1897 1376 1959 id

334 1985 346 2021 ⁴
360 1984 496 2047 omnium
506 1983 639 2045 maxime
650 1982 828 2064 tegendum,
839 1982 1052 2061 occulendum,
1062 1976 1309 2063 obliviscendum,
1319 2006 1376 2067 pro

169 2075 253 2152 fastu·
263 2073 311 2123 uu.
335 2072 345 2104 ‘
360 2092 422 2133 non
443 2070 528 2132 dicto
538 2069 713 2139 habendum
727 2067 814 2133 esse?
830 2070 874 2132 ita
887 2069 952 2152 ejus
969 2070 1012 2132 rei
1033 2071 1177 2154 obpressa
1190 2070 1305 2134 mentio
1319 2083 1377 2133 est.

168 2142 313 2189 ‘mm‘
333 2156 538 2235 Dictaturam
558 2157 610 2237 qui
625 2177 732 2218 censor
753 2168 826 2219 ante
841 2156 955 2235 ficisset,
976 2156 1253 2239 vetustissimusque
1268 2178 1307 2219 ex
1321 2157 1377 2236 eis,

164 2204 306 2321 mit
334 2245 387 2326 qui
402 2244 545 2320 viverent,
561 2242 706 2305 censoriis
720 2256 812 2322 esset,
824 2244 918 2307 creari
934 2242 1060 2325 placuit,
1075 2243 1127 2329 qui
1138 2254 1276 2308 senatum
1293 2244 1375 2327 lege·

166 2351 200 2414 a·
334 2343 402 2394 ret:
427 2329 582 2414 adcirique
597 2328 633 2392 C.
641 2328 821 2393 Terentium
837 2330 993 2393 consulem
1011 2331 1054 2391 ad
1065 2330 1247 2413 dictatorem
1271 2330 1376 2393 dicen-

336 2418 407 2481 dum
419 2415 584 2499 jusserunt.
600 2416 662 2496 qui,
674 2436 768 2498 quum
780 2438 820 2479 ex
834 2416 957 2499 Apulia,
971 2416 1077 2480 relicto
1092 2417 1134 2479 ibi
1148 2417 1297 2501 praesidio,
1312 2438 1377 2481 ma·

333 2504 382 2587 gis
397 2502 554 2566 itineribus
569 2500 700 2565 Romam
716 2504 854 2584 redisset,
875 2506 989 2565 'nocte
1004 2505 1155 2585 proxima,
1170 2516 1206 2567 ut
1221 2525 1286 2567 mos
1302 2515 1377 2582 erat,

334 2588 383 2653 M.
395 2589 523 2654 Fabium
533 2587 704 2654 Buteonem
721 2613 760 2653 ex
774 2588 1039 2654 senatuconsulto
1049 2592 1115 2655 sine
1129 2591 1276 2674 magistro
1291 2591 1376 2673 eqdi-

334 2691 401 2741 tum
416 2677 596 2741 dictatorem
612 2678 644 2740 in
659 2698 714 2740 sex
729 2699 849 2742 menses
860 2679 950 2742 dixit.

217 2834 223 2844 ⁸
271 2767 279 2782 ⁰
377 2761 497 2827 XXIII.
517 2761 548 2826 Is
562 2763 613 2826 ubi
635 2787 706 2826 curn
729 2765 886 2827 lictoribus
909 2766 941 2828 in
957 2765 1068 2829 Rostra
1087 2765 1233 2843 escendit,
1256 2765 1376 2848 ‘neque

241 2868 248 2885 ·
334 2851 435 2916 ‘duos
450 2851 615 2921 dictatores
635 2863 774 2935 ternpore
788 2873 860 2932 uno,
875 2852 957 2936 quod
971 2874 1137 2935 numquam
1153 2864 1245 2915 antea
1259 2852 1375 2916 factum

334 2940 345 2973 ‘
359 2950 450 3017 esset,
459 2938 585 3022 probare
595 2936 649 3017 se‚'
666 2938 765 3002 dixit:
782 2939 902 3021 ‘neque
917 2940 1097 3002 dictatorem
1110 2939 1219 3022 senine
1231 2941 1376 3022 magistro

335 3026 515 3110 ‘equimmr
539 3046 596 3088 nec
612 3026 816 3088 ¹⁰censorium
830 3026 893 3088 vim
914 3027 967 3090 nni
987 3026 1202 3110 permissurus,
1223 3039 1256 3090 et
1277 3025 1377 3092 eidem

365 3207 577 3259 ‘tsGrcuAEren
653 3207 830 3260 ducenta.
909 3205 1377 3270 rhmtmucmprpdaltmm,

331 3290 460 3342 mgsrpm
469 3290 491 3325 rr
499 3277 590 3324 madere
598 3272 671 3324 Dcer.
682 3272 744 3338 Rup.
793 3269 839 3321 IT.
848 3269 949 3322 Manlius
959 3271 1025 3322 Cres.
1076 3275 1270 3336 eptimimeris·
1281 3271 1355 3322 Gron.

363 3418 752 3488 ⁶Prornngmrsrucdmdirit]
773 3417 842 3469 Dixit
904 3418 1122 3470 ⁹·Noere....ne
1151 3435 1194 3468 ntor
1213 3416 1272 3484 erat]
1303 3417 1379 3468 Nocte

332 3488 429 3537 rutero
444 3504 471 3536 re
489 3498 600 3549 tunquam
622 3497 672 3532 rem
696 3485 771 3546 magni
790 3501 842 3534 rm-
872 3483 1010 3534 maiorem
1028 3483 1106 3533 dicia
1129 3485 1222 3534 counrle
1244 3499 1293 3533 mor
1319 3497 1378 3550 erat,

333 3557 415 3601 menti.
446 3553 526 3614 Atque
547 3553 572 3598 iu
590 3565 619 3598 eo
637 3550 843 3612 acquiesceremus,
873 3562 900 3598 ut
928 3561 1018 3600 comt
1050 3565 1080 3598 ex
1109 3549 1212 3613 plurindr
1231 3551 1378 3614 ruthtrortrut

333 3617 380 3665 nisi
395 3631 437 3664 nor
455 3616 500 3664 elio
515 3615 717 3678 voeareotrcriprt
750 3615 840 3665 Victor.
872 3616 1009 3681 mriptcrttur
1041 3615 1184 3666 testimonis.
1226 3613 1282 3663 vic.
1313 3631 1380 3681 rnprr

333 3681 427 3747 praefert
443 3696 494 3731 cun
507 3696 589 3744 rengno
604 3695 640 3728 re:
666 3679 719 3728 Pnt.
736 3696 786 3728 cura
801 3697 841 3742 pro
873 3683 984 3730 vrtt.2³.

332 3745 580 3812 mgaonrrrunim.
612 3743 781 3794 videndumst:
796 3745 859 3814 legi,
908 3745 929 3780 ¹⁰
946 3743 1070 3794 crumas·
1098 3747 1143 3795 uisu
1174 3747 1217 3794 ursi
1248 3747 1381 3810 mittun,

333 3813 433 3861 debent
450 3811 646 3874 aptandum
657 3827 733 3871 mura,
750 3819 771 3860 et
780 3813 840 3874 jutr-
872 3817 894 3858 sl
925 3811 995 3859 sidera
1022 3809 1117 3874 iterum]
1152 3811 1231 3873 Vulgo
1259 3811 1381 3873 purtim

331 3878 400 3942 gordi
416 3871 587 3924 mutulam
605 3879 756 3927 misiam
770 3893 796 3938 p.
807 3892 840 3926 ro.
873 3876 922 3923 ursi.
965 3873 1110 3925 Mutavimus
1137 3875 1219 3925 Irarum
1240 3891 1323 3926 vocum
1343 3891 1382 3924 cr·

334 3943 479 4006 idert,cum
492 3939 576 4006 populo
586 3939 700 4007 Romano,
715 3955 843 4006 magnopere
873 3939 961 4000 dinem,
987 3941 1091 3990 obsecuti
1110 3941 1171 3990 libro
1192 3941 1325 4000 Potesnsso,
1352 3951 1381 3989 ut

333 4009 465 4056 mandere.
873 4005 956 4053 clarior
985 4016 1066 4054 remur
1095 4007 1245 4056 elucesceret.
1289 4005 1381 4070 Nempe

365 4069 546 4132 turturum]
583 4071 720 4120 Addidimns
752 4083 841 4135 preno-
872 4070 956 4134 duplex
987 4071 1068 4120 vitium
1098 4089 1111 4120 r
1139 4072 1245 4120 Bnteone
1274 4079 1381 4118 amatur:

334 4152 388 4186 men
405 4136 499 4187 eaPut.
514 4137 602 4201 emite,
622 4148 731 4188 monente
746 4139 840 4185 Grono-
872 4136 980 4199 primum.
1009 4139 1070 4200 quod
1095 4137 1197 4187 cenmria
1219 4137 1252 4184 vir
1272 4136 1381 4199 penulas

333 4201 379 4250 vio.
874 4201 904 4248 rit
915 4201 955 4248 uni
972 4201 1024 4264 ribi,
1038 4217 1110 4265 quum
1127 4205 1194 4267 juxta
1212 4201 1275 4262 leger
1293 4200 1382 4249 duobus

367 4265 459 4315 ”Er
474 4265 789 4331 quaqucrrdarrr....mrnd]
806 4266 841 4314 Ex
874 4265 975 4330 permitti
1008 4267 1117 4317 deberet:
1151 4267 1288 4325 secundum,
1321 4267 1381 4330 quod

334 4345 379 4392 qus
394 4331 505 4380 oriundus
522 4333 601 4381 cmm!
619 4333 731 4395 quondam
750 4333 774 4379 in
795 4330 841 4378 Ca·
872 4331 949 4379 eidem
965 4331 1049 4380 iterum
1068 4334 1225 4398 penninarum
1244 4347 1315 4394 qutun
1332 4331 1382 4394 lege

332 4395 412 4458 pitolio
423 4397 524 4445 minetur
534 4410 619 4450 esset..
631 4395 800 4457 ..pennatos
809 4397 840 4444 T.
873 4407 966 4447 cnutum
987 4409 1057 4457 esset,
1083 4413 1113 4447 ne
1134 4397 1170 4446 bis
1191 4411 1312 4447 censorem
1331 4396 1381 4444 fieri

332 4459 436 4508 Manlius
455 4460 596 4526 Torqustus,
615 4465 682 4526 cujus
705 4461 772 4512 verbs
796 4461 842 4511 rid.
873 4461 961 4510 liceret.
995 4459 1065 4511 lirnc
1083 4464 1158 4528 legem
1177 4462 1323 4516 &Marcius
1339 4461 1382 4512 itt·

330 4521 477 4576 l.vrn.c.5.
874 4541 925 4576 nun
937 4529 1121 4580 renrottulerst.
