3092 5200
501 386 579 445 LlB.
590 374 692 444 xx11'.
711 381 794 443 CAP.
808 382 925 443 xxm.
1180 386 1221 447 97
1235 376 1242 396 ”

170 540 351 623 quibusdam
377 537 572 607 auxiliaribus
602 536 760 621 Hispanis,
785 548 818 601 et
843 538 883 599 ab
912 535 950 597 iis
970 535 1009 598 ad
1036 532 1389 621 Scipionemncsssrst

167 628 340 710 perductas,
362 626 436 708 quid
458 624 601 704 adferret,
623 625 787 707 expromit.
832 622 907 685 lide
925 631 1055 704 'accepta
1070 612 1391 705 dataque,*⁴·',i¹'·ii¹⁷·fs¹
1414 658 1416 663 .

168 734 205 774 ac
219 714 288 777 loco
311 724 343 775 st
365 724 504 795 tempore
527 711 697 773 constituto
712 710 752 772 ad
767 710 888 772 obsides
901 709 1077 787 tradendos,
1091 706 1226 789 Sagun-¹
1377 743 1379 747 ·

167 799 345 876 nrm-rodim
368 799 450 861 diem
470 798 680 879 insequentem
704 796 852 858 absumsit
874 816 944 856 cum
965 793 1102 871 Bostare,
1123 815 1212 855 man·
1257 826 1262 839 ·

168 884 248 947 datis
263 886 383 948 adrem
403 884 553 967 agendam
573 883 768 965 accipiendis.
792 882 943 959 dimissus,
963 900 1058 962 quum
1073 901 1106 942 se
1119 890 1212 942 nocte

167 971 291 1050 insnum,
305 983 341 1033 ut
354 972 510 1034 custodias
524 970 658 1032 hostium
681 969 812 1047 falleret,
834 967 1050 1046 constituisset,
1071 966 1111 1029 ad
1125 974 1225 1028 com·'
1261 1006 1265 1014 -

167 1058 384 1139 posonem
399 1058 438 1120 iis
449 1057 556 1119 horam
571 1055 712 1118 excitatis
727 1054 901 1118 custodibus
916 1073 1078 1135 puerorum
1093 1052 1212 1135 proiec-

168 1155 229 1223 tus,
243 1144 338 1206 veluti
358 1145 486 1226 ignanrs‘
503 1144 536 1204 in
559 1153 743 1226 praeparatas
763 1161 819 1201 sus
840 1140 947 1202 fraude
973 1138 1098 1202 insidias
1117 1139 1213 1201 ducit.

168 1227 205 1291 ln
219 1243 322 1293 castra
337 1229 478 1293 Romana
490 1230 640 1313 perducti.
654 1238 757 1290 cetera
777 1228 880 1289 omnia
895 1227 933 1289 de
952 1225 1114 1287 reddendis
1129 1226 1212 1287 obsi·¹
1224 1230 1254 1283 hi
1263 1246 1336 1285 am

169 1316 268 1394 dibus,
283 1317 363 1380 sicut
376 1336 447 1379 cum
461 1314 590 1378 Bostare
604 1315 804 1377 constitutum
820 1324 895 1391 erat,
908 1323 978 1393 acta
997 1333 1052 1395 per
1070 1311 1212 1373 eumdem
1223 1298 1329 1349 &m

167 1403 320 1481 ordinem,
342 1407 368 1443 ²¹
378 1423 439 1485 quo
461 1403 514 1464 si¹¹
537 1398 838 1482 Karthaginiensium
860 1399 984 1461 nomine
1006 1398 1085 1460 ”sic
1108 1418 1212 1481 agere-
1223 1366 1358 1481 ἓξὲξ,

168 1500 228 1551 turs
272 1488 376 1571 Major
397 1489 554 1570 aliquanto
575 1486 784 1549 Romanorum
817 1486 931 1566 gratia
948 1485 1007 1546 fuit
1027 1485 1059 1547 in
1081 1505 1114 1547 re
1136 1483 1312 1567 pari,Seip'u.

167 1595 263 1656 quam
285 1586 401 1655 quanta
421 1574 522 1636 futura
552 1571 852 1654 Karthaginiensium
884 1571 992 1632 fuerat.
1022 1569 1090 1631 illos
1120 1570 1215 1649 eninr,

167 1680 278 1741 graues
300 1660 505 1743 superbosque
525 1660 568 1719 in·
580 1659 670 1719 rebus
695 1657 836 1718 secundis
868 1666 1018 1739 expertos,
1040 1657 1163 1719 fortuna
1184 1667 1217 1718 et

164 1745 266 1807 timor
285 1746 442 1827 mitigasse
463 1744 558 1805 uideri
573 1753 719 1825 poterat:
755 1741 911 1803 Romanus
941 1742 1041 1823 primo
1072 1742 1227 1821 adventu,¹

168 1830 346 1913 incognitus
361 1841 443 1909 ante,
466 1831 505 1892 ab
525 1850 557 1891 re
580 1828 722 1890 clementi
744 1828 920 1907 liberalique
940 1826 1060 1887 initium
1080 1826 1217 1889 lacerate
1262 1847 1268 1855 “

169 1927 204 1979 et
222 1916 356 1997 Abelux,
379 1918 424 1979 vir
444 1917 588 1999 prudens,
612 1915 694 1976 haud
718 1914 831 1975 irustrs
847 1913 1006 1975 videbatur
1027 1912 1126 1973 socios
1148 1932 1218 1973 mu-

165 2014 261 2066 tasse.
282 2003 385 2085 itaque
404 2003 521 2084 ingenti
542 2020 692 2063 consensu
711 1999 915 2061 deiectionem
931 2018 1036 2060 ornnes
1059 2006 1218 2079 spectare:

164 2108 317 2171 armaque
342 2089 498 2171 extemplo
524 2099 611 2149 mota
639 2086 750 2163 forent,
777 2086 808 2146 ni
835 2086 944 2162 hiems,
971 2104 1036 2165 qua
1061 2083 1218 2146 Romanos

164 2194 292 2257 quoque
306 2188 339 2239 et
355 2173 627 2257 Karthaginienses
642 2166 811 2237 concedere
833 2172 865 2237 in
886 2170 1098 2257 tecta-coegit,
1124 2170 1219 2257 interf

166 2263 312 2326 venisset
520 2269 525 2279 '
1135 2264 1137 2269 '

213 2346 333 2411 XXlll.
359 2347 434 2413 Haec
460 2351 493 2413 in
515 2348 667 2435 Hispania
687 2371 808 2435 quoque
831 2350 966 2416 secunda
988 2359 1092 2417 aestate
1112 2344 1218 2435 Punici

172 2434 245 2496 belli
266 2446 364 2518 gesta,
389 2457 483 2519 quum
509 2437 541 2498 in
570 2436 662 2500 ltalia
685 2440 883 2523 ²³puullum¹³
909 2441 1057 2503 intervalli
1080 2438 1218 2503 cladibus

171 2516 319 2584 Romanis
342 2523 434 2585 solers
454 2523 720 2586 cunctatio-Fabii
745 2525 887 2587 iecisset:
910 2546 975 2609 quae
998 2537 1033 2588 ut
1055 2524 1218 2588 Hanniba·

171 2607 233 2670 lem
252 2630 313 2672 non
333 2610 479 2673 mediocri
494 2611 658 2673 sollicitum
677 2633 751 2674 cura
765 2612 911 2691 habebat,
930 2613 1057 2676 tandem
1072 2634 1142 2675 eum
1157 2613 1216 2676 mi-

171 2692 242 2757 litiae
264 2698 444 2779 magistrmn
465 2697 612 2779 delegisse
635 2696 794 2762 Romanos
818 2711 1005 2778 sementem,
1029 2699 1081 2781 qui
1103 2699 1216 2762 bellum
1228 2703 1294 2784 Fabii
1303 2719 1375 2756 eune·

130 2823 136 2828 -
168 2783 300 2862 ratione,
323 2805 384 2845 non
399 2783 533 2862 fortuna,
547 2795 668 2865 gereret
675 2807 686 2863 3
710 2785 755 2845 ita
778 2796 934 2848 contemta
949 2796 1016 2847 erat
1030 2786 1110 2848 inter
1124 2786 1216 2865 cives,
1228 2782 1286 2850 ΡΨ
1296 2771 1380 2824 ⁸⁰¹¹*

170 2880 305 2931 armatos
327 2870 440 2952 pariter
462 2882 668 2951 togatosque3
692 2869 796 2954 utique
821 2883 996 2954 postquam,
1020 2873 1145 2934 absente
1168 2893 1217 2951 eo,
1228 2850 1309 2888 mm.

168 2956 345 3018 temeritate
375 2956 511 3038 magistri
543 2957 690 3039 equitum,
725 2955 794 3018 lacto
823 2958 921 3020 verius
937 2959 1091 3037 dixerim,
1125 2979 1232 3040 quarn-

170 3061 318 3123 prospero
332 3054 453 3118 eventu,
469 3054 638 3123 pugnatum
652 3041 764 3103 iuerat.
808 3041 1011 3105 Accesserant
1034 3043 1099 3105 dues
1114 3064 1161 3105 res
1177 3044 1217 3106 ad

168 3125 344 3206 aagendam
366 3125 512 3187 inuidiam
536 3126 714 3188 dictatoris:
737 3145 800 3186 uno
821 3126 927 3189 fraude
949 3149 986 3189 ac
1008 3127 1080 3190 dolo
1095 3127 1366 3190 Hanni-Humilem

170 3212 261 3289 balis,
276 3209 371 3291 quod,
390 3230 483 3292 quum
506 3232 525 3272 a
546 3209 681 3293 perfugis
703 3211 730 3271 ci
753 3221 938 3273 monstratus
961 3232 1034 3292 ager
1055 3213 1216 3275 dictatoris
1227 3205 1293 3253 ΜΝ
1303 3206 1385 3283 Ψ·

167 3310 265 3374 esset,
279 3296 421 3358 omnibus
435 3296 518 3358 circa
530 3297 598 3358 solo
608 3296 745 3377 equalis,
756 3297 797 3358 ab
809 3317 873 3357 uno
881 3316 918 3358 eo
930 3298 1042 3359 ferrum
1054 3298 1216 3379 ignemque
1227 3269 1372 3387 {fflff

166 3395 204 3446 et
222 3383 319 3444 ¹⁴vim
341 3402 464 3444 omnem
486 3383 621 3445 hostium
642 3382 786 3444 abstineri
804 3380 907 3464 jussit,
929 3395 965 3446 ut
986 3384 1098 3446 occulti
1121 3385 1216 3447 alicu-
1229 3399 1317 3451 raons

164 3469 219 3552 jus
235 3469 319 3551 pacti
334 3490 373 3530 ea
387 3489 503 3532 merces
516 3469 612 3531 uideri
627 3480 750 3552 posset:
776 3469 870 3530 altera
894 3471 987 3553 ipsius
1007 3469 1102 3550 facto,
1118 3471 1218 3554 primo

170 3556 299 3646 forsitan
321 3555 425 3634 dubio,
440 3557 512 3639 quia
532 3576 595 3617 non
617 3567 796 3637 exspectata
815 3555 847 3616 in
862 3577 900 3618 eo
915 3567 1037 3619 senatus
1052 3557 1217 3621 auctoritas

170 3654 218 3705 est
225 3663 236 3721 3
259 3641 300 3703 ad
315 3652 486 3704 extremum
497 3641 581 3703 haud
592 3641 736 3723 ambigue
755 3642 788 3702 in
805 3643 970 3705 maximam
983 3642 1104 3706 laudern
1118 3665 1218 3724 uerso,

172 3728 204 3790 in
225 3728 433 3812 permutandis
455 3728 602 3810 captivis:
634 3727 729 3808 quod,
759 3728 838 3789 sicut
868 3729 967 3810 primo
998 3727 1113 3793 Punico
1135 3730 1217 3792 bello

169 3814 288 3879 sactum
308 3828 384 3894 erat,
398 3824 584 3877 conuenerat
604 3816 632 3853 ¹⁵
639 3813 721 3877 inter
742 3813 835 3875 duces
857 3812 1050 3878 Romanum⁰
1073 3815 1217 3878 Poenum-

201 3945 489 4013 quenquennium.
568 3945 887 4016 'padulmGroafCreu
964 3945 1187 3998 dmum·

199 4044 224 4079 ⁴³¹
243 4044 335 4110 Quen]
351 4044 405 4094 Hoc
422 4044 488 4093 nobis
505 4043 676 4106 elegamiurri.
704 4067 709 4075 ‚
739 4043 763 4078 Μ
782 4043 831 4092 Vim
850 4059 932 4094 onum
951 4044 1055 4108 mum]
1083 4047 1145 4109 Lege
1168 4046 1219 4096 tas·

169 4121 280 4169 mut,
292 4109 496 4174 qrammrrnlgo,
504 4111 575 4172 qnasi.
597 4110 678 4174 ltaque
709 4109 779 4161 nun.

170 4174 331 4224 mammet
340 4190 371 4224 aa
380 4175 515 4224 aanoehte
530 4174 586 4224 ras.
596 4175 680 4225 codicis
732 4173 764 4208 ’ὕ
780 4171 844 4222 Inter
853 4173 918 4222 ἀνω
932 4171 1056 4222 Romam
1067 4171 1213 4240 ramo]

171 4239 315 4290 mitam.
710 4236 834 4288 Hanenru
850 4239 967 4298 legebatur
979 4239 1023 4287 hoc
1033 4237 1216 4290 locoRomenoe:

204 4303 228 4340 ’ἱ
241 4304 280 4354 Se
293 4303 409 4370 mar]
432 4303 559 4354 Mallem
574 4319 609 4354 ns
625 4319 679 4371 age-
710 4303 1106 4366 merroenoreffiosneoergoir
1115 4305 1217 4355 nele-

172 4375 245 4419 mar.
710 4368 818 4418 risonius.
851 4367 929 4416 Unius
946 4369 1009 4417 enirn
1022 4369 1218 4422 Fabatianum

209 4431 233 4468 Β
258 4432 382 4486 renum
400 4431 523 4502 memus]
548 4434 602 4485 rus
620 4449 679 4498 pnn-
709 4445 770 4494 aar,
784 4449 832 4482 non
849 4433 949 4499 plurium
966 4433 1129 4485 llonnnorum.
1161 4435 1218 4485 l’ut.

172 4496 230 4546 tun
710 4499 785 4552 endu
796 4499 867 4550 babet
878 4499 1031 4568 nmmum,
1042 4501 1160 4553 dubitante
1172 4500 1219 4551 sei-

212 4583 289 4632 vol..
309 4584 348 4635 11.
777 4585 801 4632 fl
