3092 5200
348 364 409 421 424
766 361 850 421 Tl'l'l
869 360 970 421 IthlI

185 515 329 635 2¹:0⁰0&
352 516 507 619 poteratl,
531 516 571 577 ad
584 517 734 600 collegam
748 516 891 595 ducebat,
915 518 1023 580 relicto
1046 517 1186 588 Q.Catio
1201 518 1317 601 legato,
1342 518 1399 601 qni

249 618 258 635 ·
315 618 323 634 ·
353 615 462 668 castris
477 616 627 685 preesset.

396 688 507 751 Xler.
528 688 635 751 Romae
648 689 731 751 haud
746 691 845 751 minus
857 692 979 753 terroris
995 710 1031 752 ac
1046 693 1192 754 tumultus
1207 702 1284 769 erat,
1298 712 1396 773 quam

353 776 452 838 loerat
466 779 493 816 ²⁶
503 776 627 837 biennio
640 788 724 855 ante,
742 796 834 858 quum
853 787 954 837 castra
975 777 1088 841 Punica
1108 777 1231 859 objecta
1244 776 1397 840 Romanis

353 863 504 925 moenibus
513 863 669 946 portisque
680 862 923 944 fuerant.·neque
939 864 1012 925 satis
1023 866 1183 925 constabat
1194 864 1314 942 animis,
1327 876 1394 927 um

354 948 1094 1031 eudaxiterconsulislaudarentvituperarentne.
1123 948 1301 1032 Adparebat
1319 950 1395 1035 (quo

188 1040 327 1097 umne-
354 1037 430 1098 nihil
440 1036 570 1117 iniquius
580 1035 638 1114 est)
654 1048 812 1097 exerente
825 1034 1132 1098 famambabiturum.
1155 1036 1282 1098 ‘Castra
1296 1058 1395 1119 prope

187 1124 318 1164 m
355 1125 366 1159 ‘
381 1120 588 1185 Hannibalem
599 1122 720 1183 bostem
731 1122 839 1183 relicta
849 1123 914 1183 sine
925 1122 1003 1183 duce
1017 1142 1087 1183 cum
1104 1124 1250 1201 exercitu,
1268 1123 1317 1184 cui
1336 1123 1393 1185 de-

354 1210 366 1243 ‘
380 1221 512 1273 tractum
521 1208 602 1270 soret
610 1229 711 1285 omne,
726 1208 808 1289 quod
820 1208 946 1286 roboris,
961 1210 1043 1289 quod
1055 1208 1136 1270 floris
1146 1208 1237 1271 fuerit
1245 1230 1256 1286 3
1271 1220 1304 1271 et
1314 1230 1393 1271 mm·

354 1296 475 1358 ‘sulem
486 1296 519 1356 in
529 1294 668 1356 lmeanos
679 1294 848 1356 ostendisse
859 1294 927 1371 iter,
943 1314 1034 1376 quum
1052 1292 1196 1356 Picenum
1212 1306 1244 1356 et
1258 1293 1392 1357 Galliam

353 1383 366 1417 ‘
378 1393 509 1465 peteret,
514 1393 615 1443 castra
622 1382 843 1461 relinquentem
852 1381 936 1443 nulla
948 1380 1008 1441 alia
1018 1400 1050 1441 re
1060 1381 1184 1458 tutiora,
1191 1400 1281 1462 quam
1291 1402 1392 1444 errore

354 1469 366 1504 ‘
381 1468 488 1545 bostis,
494 1468 545 1549 qui
551 1467 661 1529 ducem
671 1467 743 1529 inde
754 1479 847 1549 atque
857 1468 1006 1528 exercitus
1013 1476 1130 1548 partem
1137 1468 1258 1529 abessee
1270 1468 1393 1549 ignora·

262 1562 268 1569 '
354 1555 436 1617 ‘ret
458 1554 540 1624 Quid
550 1554 696 1629 futurum,
709 1554 736 1613 si
749 1554 780 1614 id
792 1554 892 1635 pelam
905 1553 977 1615 liat?
994 1565 1025 1613 et
1033 1554 1212 1635 autinsequi
1224 1551 1390 1632 Neronem,

354 1641 512 1703 ‘eumsex
521 1639 653 1702 millibus
664 1650 850 1701 armatorum
865 1638 1045 1721 profectum,
1060 1636 1214 1701 Hannibal
1226 1650 1292 1701 toto
1302 1660 1391 1702 exer-

354 1729 366 1762 ‘
381 1729 444 1789 citu
452 1726 536 1804 velit,
545 1736 599 1789 aut
608 1738 709 1786 castra
717 1725 867 1803 invadere,
878 1724 984 1807 praedae
994 1724 1111 1803 relicta,
1119 1725 1185 1787 sine
1193 1726 1314 1803 virib'us,
1326 1726 1392 1788 sine

354 1809 763 1897 ‘imperio,aineauspjcio?'
780 1810 905 1872 Veteres
915 1810 979 1893 ejus
988 1811 1060 1872 belli
1069 1811 1393 1889 clades‚duoconsules

355 1901 496 1982 proximo
519 1920 600 1960 anno
622 1898 775 1959 interfecti
797 1897 958 1959 terrebant.
982 1894 1047 1958 ‘Et
1061 1916 1098 1957 ea
1117 1898 1221 1959 omnia
1235 1897 1394 1976 accidisse,

355 1988 368 2021 ‘
381 2006 475 2068 quum
483 2005 562 2047 unas
572 1986 747 2066 imperator,
760 2003 838 2045 unus
849 1984 996 2045 exercitus
1007 1982 1140 2045 hostium
1153 1983 1183 2044 in
1195 1982 1283 2046 ltalia
1292 1995 1396 2045 esset:

355 2073 461 2134 ‘nunc
476 2071 628 2133 duobella
642 2069 755 2131 Hrnica
770 2070 864 2147 facta,
883 2070 959 2131 duos
979 2069 1117 2149 ingentes
1134 2071 1288 2147 exercitus,
1308 2070 1392 2131 duos

356 2158 367 2193 ‘
380 2180 476 2240 prope
486 2157 674 2219 Hannibales
685 2156 716 2217 in
727 2154 899 2219 ltaliaesse.
908 2156 1020 2237 quippe
1030 2152 1389 2238 etHasdmbalem,patre

355 2246 366 2280 ‘
381 2245 490 2305 eodem
500 2242 675 2305 Hamilcare
686 2243 834 2322 genitum,
849 2261 933 2323 aeque
944 2241 1094 2324 inpigrum
1106 2242 1221 2318 ducem,
1231 2261 1283 2323 per
1293 2252 1343 2303 tot
1353 2241 1390 2303 in

332 2376 338 2385 .
355 2328 533 2415 §Hispania
543 2349 638 2391 annos
652 2329 828 2390 ”Romano
839 2327 1053 2389 exercitatum‘
1064 2327 1156 2405 bello,
1165 2328 1392 2409 geminavicto·

355 2417 367 2452 ‘
382 2417 428 2477 ria
437 2417 598 2497 insignem,
612 2415 730 2477 duobus
741 2414 923 2476 exercitibus
934 2433 1003 2475 cum
1015 2414 1189 2475 clarissimis
1200 2412 1324 2475 ducibus
1336 2412 1393 2475 de-

356 2501 368 2537 ‘
382 2502 461 2564 letis.
482 2502 562 2564 Nam
574 2501 689 2563 itineris
697 2501 820 2583 quidem
835 2501 989 2563 celeritate
1001 2520 1040 2561 ex
1052 2498 1203 2582 Hispania
1213 2512 1246 2562 et
1256 2500 1393 2561 eoncita-

355 2590 368 2626 ‘
381 2590 421 2652 tis
432 2589 472 2652 ad
483 2609 568 2652 arma
577 2586 703 2650 Gallicis
712 2587 853 2670 gentibus
861 2586 1077 2670 multomagis,
1087 2606 1177 2668 quarn
1188 2584 1392 2648 Hannibalem

355 2677 367 2711 ‘
381 2677 493 2760 ipsum,
504 2675 626 2759 gloriari
635 2695 735 2756 posse.
750 2674 863 2757 quippe
877 2674 909 2734 in
924 2675 961 2734 iis
971 2673 1047 2736 locis
1058 2674 1139 2735 bunc
1154 2674 1288 2756 coegisse
1302 2693 1395 2734 exer-

356 2763 488 2842 ‘citum,
503 2763 608 2846 quibus
623 2761 674 2822 ille
688 2759 833 2842 majoram
851 2771 969 2842 partem
984 2760 1115 2822 militum
1130 2759 1212 2821 fame
1224 2759 1393 2841 ac'frigore,

356 2849 369 2884 ‘
382 2869 448 2931 quse
460 2849 629 2912 miserrima
642 2847 749 2909 mortis
765 2867 879 2928 genera
892 2858 973 2924 sunt,
988 2844 1157 2907 amisisset?
1201 2843 1396 2927 Adjiciebant

355 2935 451 2998 mam
461 2935 549 3018 periti
560 2953 660 2997 rerum
670 2931 839 3016 Hispaniae,
854 2933 900 2971 ‘¹⁸
910 2933 990 2994 haud
1000 2951 1067 2992 cum
1078 2931 1185 3012 ignoto
1195 2931 1272 2993 duce
1282 2930 1317 2992 C.
1327 2929 1392 2992 Ne·

357 3023 368 3058 ‘
385 3043 459 3085 rone
468 3040 716 3105 congressurum:
739 3023 766 3060 ²⁹
779 3020 832 3081 sed
844 3038 933 3100 quem
944 3019 976 3079 in
986 3018 1067 3080 saltu
1077 3017 1214 3100 inpedito
1224 3017 1394 3100 depreben-

356 3109 368 3143 ‘
382 3129 432 3170 sus
446 3109 535 3186 sorte,
546 3107 629 3170 baud
643 3127 729 3168 seem
743 3125 835 3189 qnam
850 3125 987 3188 puerum,
1002 3103 1225 3166 conscribendis
1237 3103 1393 3166 fallacibus

348 3195 369 3243 ›‘
381 3194 608 3258 conditionibus
628 3193 714 3276 pacis
736 3191 892 3254 fmstratus
918 3187 1076 3252 elusisset?
1105 3193 1133 3230 ⁸⁰
1143 3189 1256 3252 Omnia
1277 3189 1396 3271 majora

358 3282 452 3344 etiam
466 3301 538 3342 vero
555 3280 696 3362 praesidia
714 3275 858 3357 bostium,
882 3277 1000 3340 minora
1022 3297 1087 3355 sua,
1112 3287 1197 3338 metu
1217 3275 1395 3358 interprete,

358 3387 477 3446 semper
491 3367 523 3427 in
537 3365 690 3427 deteriora
703 3366 852 3426 inclinato
867 3364 1030 3428 ducebant.

307 3449 328 3486 “·
400 3448 498 3514 ΧΙΝ.
529 3449 623 3529 Nero,
647 3461 809 3534 postquam
828 3449 899 3533 *jam
925 3460 1045 3512 tantum
1071 3448 1217 3513 intervalli
1243 3449 1281 3510 ab
1304 3447 1395 3510 hoste

305 3542 317 3556 '
359 3539 482 3618 fecerat,
503 3549 538 3603 ut
556 3537 659 3617 detegi
674 3535 834 3597 consilium
848 3537 923 3598 satis
938 3547 1036 3598 tutum
1051 3547 1142 3614 esset,
1162 3536 1265 3617 paucis
1280 3533 1394 3598 milites

359 3628 541 3709 adloquitur.
584 3623 685 3706 Negat
704 3622 816 3684 ‘ullius
836 3621 996 3684 consilium
1011 3622 1199 3706 imperatoris
1215 3623 1246 3685 in
1261 3621 1395 3705 speciem

388 3782 779 3853 ‘mmdlmilmfiron-Cres.
884 3779 1042 3834 ediusus.
1146 3778 1362 3832 'aestuem

386 3907 411 3946 θ’
426 3905 590 3971 mente]
606 3905 770 3984 lmotrimaio,
784 3903 860 3984 sinan
903 3903 947 3982 ,ὓ
964 3901 1035 3952 Hmd
1048 3917 1098 3950 ease
1112 3897 1257 3979 lgutoduar]
1276 3899 1395 3950 Potane·

355 3983 639 4092 mmmmm?
655 3983 860 4098 ‘'lilffl’l
891 3967 1160 4094 ‘liulfum
1171 3966 1396 4094 &02¹⁸ss

354 4106 500 4171 elampodus
516 4121 567 4153 ena
582 4103 724 4152 motuum
735 4099 859 4149 credideri-
890 4099 1014 4147 malm.

355 4166 859 4236 mmqmmllvliiarerrmrbmtamqne
922 4157 1187 4225 ”ademta-tm]
1207 4157 1396 4226 Daearevld.

354 4237 570 4287 mendicantium.
622 4233 630 4250 ⁸
889 4227 1075 4278 t.xxn.r.17.

385 4301 409 4338 '1
435 4299 533 4349 Βοηιιο
560 4301 699 4349 κινείτω
727 4293 793 4358 ledo]
820 4293 858 4344 Sle
920 4291 945 4326 ³⁰
962 4291 1042 4340 omia
1059 4289 1154 4356 majore]
1176 4287 1293 4352 Quidquid
1305 4287 1397 4338 virium

353 4365 442 4414 babere
462 4365 564 4413 codicem
584 4363 796 4425 Cmtsbrigiensem
812 4371 860 4408 tes·
891 4356 1002 4406 heberent
1030 4355 1117 4412 buten,
1146 4355 1258 4418 augebant
1288 4353 1398 4412 Ιὶοωὶ,

353 4427 642 4479 messanensem.
673 4424 794 4476 &meam
807 4424 861 4476 Poe.
891 4433 956 4471 metu
980 4420 1123 4484 inceptum
1148 4420 1256 4486 qouque
1281 4418 1397 4470 baberent

352 4493 557 4548 amand.
588 4491 800 4556 vulgamus.
892 4485 1095 4554 pumuntur.
1384 4479 1391 4502 ¹
