3092 5200
486 393 564 460 tm.
577 381 708 458 xxvn.
721 393 803 458 CAP.
817 392 886 458 XV.
1146 395 1208 457 369

160 569 193 623 et
221 559 303 624 haud
334 577 446 642 magro
471 558 637 622 certamine
663 556 825 642 dissipatos
848 554 1094 640 trepidantesque
1118 555 1203 617 auer-
1215 549 1359 609 ¹1·0·5⁴³'·

159 656 238 709 tunt.
280 645 360 710 'I'um
376 646 408 708 in
423 645 573 728 mgientes
597 643 768 728 equitatum
792 643 923 706 inmittit
945 641 1121 720 Marcellus,
1144 661 1203 705 nee
1214 621 1367 736 bingiam
1418 728 1421 732 A

159 745 231 797 ante
259 733 328 797 linis
358 732 502 816 sequendi
533 743 581 794 est
609 730 719 809 factus,
749 750 841 812 quam
868 731 900 791 in
928 740 1028 792 castra
1056 739 1201 810 paventes
1214 752 1296 803 celtu.

160 822 309 904 compulsi
324 831 404 883 sunt.
447 815 528 881 Nam
543 837 644 900 ¹super
662 818 732 896 alia,
759 837 825 898 quae
850 827 995 879 terrorem
1018 813 1200 898 trepidatio·

159 925 290 990 nemque
304 907 451 983 lacerent,
474 903 629 988 elephanti
654 923 773 986 quoque
794 903 855 965 duo
879 903 911 965 in
929 903 999 986 ipsa
1021 913 1111 984 porta
1125 920 1200 962 con-

158 1003 291 1073 ruerunt,
313 993 471 1074 coactique
493 1002 581 1054 erant
594 991 706 1052 milites
728 1010 783 1072 per
802 989 915 1052 fossam
929 989 1099 1072 vallumque
1114 1007 1201 1048 ruere

157 1079 190 1140 in
205 1091 313 1142 castra.
337 1079 379 1141 ibi
403 1079 538 1140 maxima
560 1077 694 1140 hostium
718 1076 815 1139 caedes
837 1076 941 1139 lacta:
965 1097 1043 1138 casa
1065 1074 1105 1136 ad
1126 1083 1200 1136 octo

158 1166 254 1227 millia
268 1166 436 1244 hominum,
452 1165 585 1247 quinque
600 1164 766 1246 elephanti.
802 1161 868 1225 Nec
882 1162 1028 1225 Romanis
1042 1161 1201 1223 incruenta

156 1252 282 1314 victoria
301 1251 370 1314 l'uit.
393 1251 477 1314 mille
500 1251 594 1314 ferme
614 1261 647 1312 et
669 1250 854 1332 septingenti
877 1249 915 1311 de
939 1249 1055 1311 duabus
1070 1247 1198 1328 legioni·

157 1337 223 1416 bus,
243 1351 276 1402 et
300 1339 451 1401 sociorum
475 1357 566 1421 supra
587 1336 670 1398 mille
693 1348 725 1399 et
748 1347 902 1399 trecentos
915 1335 1030 1398 occisi:
1051 1332 1199 1395 vulnerati

155 1425 299 1508 permulti
315 1426 423 1488 civium
440 1425 659 1505 sociorumque.
703 1420 859 1486 Hannibal
874 1433 966 1485 nocte
978 1422 1118 1505 proxima
1128 1441 1199 1482 cas-
1213 1426 1347 1504 &aaut

156 1521 204 1573 tra
217 1513 322 1574 movit.
366 1510 548 1595 capientem
571 1511 687 1596 insequi
711 1507 892 1573 Marcellum
914 1508 1072 1597 prohibuit
1094 1507 1200 1574 multi·
1214 1493 1333 1596 limmat

157 1599 233 1660 tudo
248 1598 430 1661 sauciorum.

198 1683 269 1748 XV.
292 1683 516 1767 Speculatores,
542 1685 593 1767 qui
614 1697 868 1770 prosequerentur
882 1704 1003 1770 agmen,
1017 1685 1112 1763 missi,
1128 1705 1200 1770 pos·

155 1783 221 1832 tero
246 1772 296 1833 die
325 1772 501 1851 retulerunt,
532 1771 669 1836 Bmttios
699 1771 921 1838 Hannibalem,
932 1783 1044 1856 petere.
1088 1769 1201 1833 lisdem
1214 1780 1339 1858 Desertus

156 1857 219 1919 lere
235 1858 341 1920 diebus
365 1858 452 1921 etad
474 1856 513 1928 Q.
525 1857 662 1922 Fulvium
676 1860 832 1922 consulem
857 1858 991 1942 Hirpini,
1017 1871 1049 1920 et
1074 1856 1202 1938 Lucani,
1214 1847 1361 1925 ²bl¹¹¹l¹¹¹¹b

142 1953 186 2004 'et
201 1943 537 2023 Volcentes',·traditis
561 1946 704 2029 presidiis
727 1945 922 2024 Hannibalis,
947 1967 1012 2028 quae
1030 1945 1061 2006 iu
1077 1945 1201 2007 urbibus
1215 1911 1320 1976 'lum'
1363 1974 1379 2004 l

154 2029 319 2108 habebant,
334 2030 516 2094 dediderunt
531 2052 609 2110 sese,
625 2033 850 2116 clementerque
865 2023 884 2095 a
899 2033 1034 2111 consule,
1050 2053 1121 2093 cum
1133 2051 1199 2093 ver·

46 2160 49 2165 ·
154 2117 260 2178 bonum
277 2128 396 2180 tantum
419 2119 620 2199 castigatione
635 2120 675 2180 ob
690 2140 822 2182 errorem
844 2120 1040 2204 prateritum,
1068 2118 1200 2201 accepti.

153 2201 194 2266 Et
208 2201 335 2266 Bruttiis
351 2203 458 2265 similis
474 2225 543 2287 spes
557 2205 651 2266 venia
667 2205 749 2267 lacta
763 2217 831 2268 est:
855 2227 948 2288 quum
973 2207 1011 2268 ab
1032 2205 1080 2267 iis'
1091 2204 1200 2268 Vibius

154 2301 186 2352 et
211 2288 332 2353 Pactius
356 2288 475 2368 fratres,
499 2291 589 2372 longe
612 2291 791 2353 nobilissimi
818 2293 919 2374 geritis
942 2291 1018 2373 ejus,
1047 2291 1201 2370 eamdem,

155 2396 220 2458 qua
236 2376 309 2439 data
330 2374 461 2438 Lucanis
486 2387 562 2456 erat,
586 2377 795 2440 conditionem
812 2377 977 2440 deditionis
986 2389 1132 2460 petentes
1146 2399 1199 2439 ve·

153 2461 278 2526 nissent.
322 2463 360 2534 Q.
376 2462 487 2525 Fabius
502 2465 606 2526 consul
622 2465 769 2549 oppidum
793 2464 824 2525 in
847 2461 1044 2526 Sallentinis⁸
1065 2449 1199 2526 Man'du-

153 2550 227 2611 riam
243 2551 271 2611 vi
288 2550 379 2633 cepit.
395 2550 436 2612 ibi
453 2549 492 2612 ad
507 2563 636 2635 quatuor
646 2551 748 2633 ,millia
763 2551 920 2614 hominum
936 2549 1039 2635 capta,
1064 2564 1096 2614 et
1114 2562 1199 2614 ceto-

96 2668 100 2675 -
153 2657 191 2697 rae
213 2636 319 2719 praedae
345 2638 543 2719 aliquantum.
587 2636 662 2701 Inde
687 2638 856 2700 Tarentum
884 2632 1056 2721 profectus,
1070 2639 1102 2699 iu
1126 2638 1199 2721 ipsis
1213 2661 1350 2711 Fabim'ra.

152 2722 287 2785 saucibus
312 2735 417 2806 portus
444 2726 548 2806 posuit
569 2736 679 2787 castra.
702 2745 805 2805 naves,
835 2745 909 2807 quas
935 2723 1036 2788 Lirim
1061 2726 1199 2788 tutandis
1212 2740 1305 2777 remum
1317 2728 1358 2777 ob·
1440 2774 1449 2781 .

151 2810 372 2873 commeatibus
393 2811 551 2887 habuerat,
577 2810 689 2893 partim
714 2811 990 2873 machinationibus
1013 2823 1122 2873 onerat
1143 2813 1199 2875 ad-
1211 2804 1304 2860 ΡΨ·

150 2907 319 2978 paratuque
334 2897 494 2958 ⁴moenium
521 2896 806 2977 obpugnandorurn,
836 2898 950 2981 partim
975 2899 1136 2961 tormentis
1165 2913 1199 2964 et

152 2982 233 3042 saxis
255 2980 399 3061 omnique
423 2981 582 3042 missilium
608 2982 738 3044 telorum
761 3003 875 3063 genere
896 2984 1029 3062 instruit,
1044 2985 1197 3046 onerarias

152 3086 284 3149 quoque,
299 3086 361 3128 non
377 3086 428 3147 eas¹
444 3065 553 3143 solum,
569 3086 635 3148 quae
650 3068 740 3128 remis
754 3079 937 3147 agerentur3
961 3079 997 3129 ut
1011 3069 1063 3130 alii
1080 3070 1197 3132 machi-

150 3172 205 3214 nas
232 3152 388 3235 scalasque
415 3151 455 3212 ad
477 3170 579 3213 muros
601 3152 724 3229 ferrent,
749 3152 800 3214 alii
816 3154 920 3236 procul
936 3174 976 3216 ex
990 3156 1116 3217 navibus
1130 3156 1196 3218 vul-

151 3250 292 3309 nerarent
316 3238 462 3299 moenium
492 3247 741 3320 propugnatores.
810 3236 864 3300 Ea
888 3260 992 3318 naves,
1022 3240 1060 3302 ab
1089 3252 1196 3324 aperto

150 3326 226 3387 mari
256 3336 292 3388 ut
316 3324 422 3385 urbem
449 3324 698 3405 adgrederentur,
728 3322 884 3387 instructa
913 3338 1084 3409 parataque
1112 3340 1195 3392 sunt.

149 3410 279 3475 litarat
303 3410 431 3472 liberum
457 3430 553 3490 mare,
578 3410 672 3471 classe
697 3407 821 3489 Punica,
845 3432 936 3492 quum
961 3408 1118 3496 Philippus
1136 3416 1193 3477 ob-

148 3518 284 3581 pugnare
298 3494 422 3561 AEtolos
437 3507 568 3580 pararet,
584 3495 761 3581 ¹Corcyram
783 3497 971 3560 transmissa.
1016 3496 1051 3560 ln
1065 3496 1195 3564 Bruttiis

149 3584 269 3647 interim
293 3582 439 3645 Caulonis
460 3585 697 3667 obpugnatores,
728 3583 784 3645 sub
810 3582 973 3647 adventum
998 3582 1193 3666 Hannibalis,

148 3692 186 3733 ne
212 3670 465 3754 obprimerentur,
487 3670 519 3730 in
545 3669 707 3747 tumulum,
728 3691 747 3731 a
765 3670 907 3751 prasenti
930 3671 1036 3753 inpetu
1060 3677 1194 3752 tutum‘,

148 3778 180 3819 se
195 3778 345 3841 recepere.
390 3754 529 3835 Fabium,
542 3752 711 3819 Tarentum
723 3755 927 3834 obsidentem,
941 3756 1005 3820 leve
1022 3758 1108 3820 dictu
1123 3781 1192 3821 mo-

147 3855 285 3907 mentum
300 3843 341 3905 ad
355 3863 419 3905 rem
433 3842 589 3925 ingentem
603 3841 784 3926 potiundam
805 3842 937 3924 adjuvit.
977 3844 1004 3882 θ’
1016 3842 1191 3907 Praesidium

147 3928 333 3992 Bruttiorum
357 3929 534 3993 datumab.
553 3927 726 3990 Hannibale
749 3926 909 3991 Tarentini
925 3930 1100 3994 habebant.
1127 3931 1193 4013 ejus

148 4016 277 4099 praesidii
293 4016 451 4099 praelectus
473 4016 631 4099 deperibat
655 4034 760 4077 amore
783 4014 975 4093 muliercula,
999 4016 1085 4098 cujus
1099 4017 1193 4081 frater

179 4154 190 4182 ¹
206 4146 323 4198 nataae
333 4146 406 4197 Grau.
418 4149 488 4199 Creu.
583 4154 592 4179 ¹
610 4144 728 4197 Solentinis
738 4148 814 4227 Grpn.
912 4149 1010 4197 ⁸mutua
1019 4150 1049 4197 cd
1060 4158 1130 4199 oetsra
1141 4151 1190 4199 isac.
1269 4108 1273 4115 Ι

145 4212 497 4315 peaamrpmGrsa.Crer.
641 4270 645 4277 .

178 4318 370 4377 ⁸⁵‘'l'nr'rirllruu
392 4326 543 4390 Muenna]
562 4326 590 4376 ld
606 4302 655 4391 est,
682 4286 756 4387 lione,
771 4339 824 4377 tum
838 4344 917 4379 rursm
933 4329 1004 4396 hujus
1021 4347 1044 4382 c.
1061 4302 1189 4390 riuem‚his

146 4392 265 4442 οώοποω
281 4392 436 4454 Bruttiorum,
454 4408 508 4459 quaa
521 4392 545 4440 in
563 4403 651 4458 partem
683 4394 772 4442 verbis:
787 4411 836 4443 eura
849 4404 935 4457 meas
949 4400 1017 4454 muri,
1031 4396 1190 4460 quaBruttr'o·

144 4457 341 4527 reoiretltusnda
357 4458 427 4507 urbis·
457 4458 495 4507 lta
509 4472 560 4507 asse
579 4458 658 4521 aph--
683 4474 735 4507 ruas
749 4460 855 4507 meten
871 4462 998 4522 prosidhaa
1013 4464 1103 4523 agium
1110 4464 1189 4528 prodi·

143 4534 180 4575 cat
199 4524 247 4593 lpse
265 4522 351 4583 litim»
367 4522 481 4593 quanin
502 4532 552 4577 tots
566 4536 652 4577 ¹rutra·
684 4524 748 4576 rionis
759 4525 884 4577 armillata
894 4527 1045 4582 membrana
