3092 5200
156 510 191 562 U.
202 511 232 562 C.
245 517 303 567 att.

158 579 190 628 A.
201 579 231 630 C.
242 581 297 631 218.

329 345 384 404 tt
724 335 808 400 'ssTl
829 335 972 399 Ltvtts
1070 332 1077 388 ἶ

329 493 440 560 ite'tum
455 494 649 574 corruissent,
664 515 721 558 nec
741 493 851 578 stirpes
870 494 953 556 droa
967 493 1132 572 radicest'e,
1141 495 1186 557 ad
1206 513 1282 576 quas
1296 495 1377 578 pede

326 593 382 644 aut
401 587 495 646 inanu
508 581 771 665 quisquam.cuiti
795 591 908 663 posset,
925 592 1030 656 etant3
1054 581 1118 642 int
1133 581 1166 642 in
1182 581 1240 642 levi
1255 593 1376 645 tantum

324 669 425 750 glacie
450 670 614 752 tabidaque
641 670 710 730 nive
743 668 984 731 volutabantur⁰.
1011 665 1186 748 ⁶¹jumenta
1208 671 1375 746 secabant3

326 755 477 818 interdum
492 757 586 818 ctiam
596 767 621 830 Ρ,
632 766 700 818 tum
712 753 848 816 infimam
860 754 1065 836 ingredientia
1078 752 1192 832 nivern,
1202 767 1235 816 et
1250 756 1375 838 prolap-

326 862 361 904 sa
370 840 524 924 jactandis
535 843 655 925 gravius
668 842 700 903 in
711 841 918 904 continendos
932 839 1063 921 nugulis,
1073 841 1195 923 penitus
1206 841 1376 924 perfringe·

325 927 415 992 bant:
441 939 475 992 ut
489 930 643 1013 pleraque,
667 927 750 991 velut
764 927 875 1012 pedica
882 938 992 1010 capta,
1006 927 1156 990 haererent
1170 927 1203 989 itt
1219 927 1328 990 durata
1341 939 1375 992 ct
1414 973 1417 978 -

326 1015 386 1078 ulte
401 1028 545 1080 concreta
560 1018 669 1098 glacie.
694 1043 718 1074 η
897 1043 900 1048 -
1000 1065 1006 1072 ,

368 1101 532 1166 XXXVII.
554 1101 705 1182 Tandem,
728 1101 935 1185 nequidquam
953 1100 1220 1184 jumentisatque
1239 1101 1374 1163 homini·

324 1189 380 1252 bus
404 1189 551 1273 fatigatis,
572 1201 674 1254 castra
698 1190 729 1252 in
749 1187 828 1272 jugo
842 1189 956 1272 posita,
977 1187 1133 1269 aegerrime
1155 1187 1196 1248 ad
1219 1188 1251 1250 id
1272 1187 1372 1269 ipsunt

325 1275 394 1340 loco
412 1288 555 1360 purgato:
572 1289 693 1340 tantum
708 1276 785 1338 nivis
805 1275 982 1338 fodiendum
997 1284 1089 1356 atque
1104 1271 1290 1355 egerendum
1304 1274 1372 1336 fuit.

325 1359 402 1426 lude
417 1363 457 1426 ad
472 1384 578 1446 rupem
596 1363 813 1441 muniendam,
835 1382 890 1444 per
914 1381 1008 1443 quam
1030 1381 1124 1422 unam
1147 1361 1197 1422 via
1220 1381 1287 1422 esse
1301 1374 1373 1442 pot·

326 1460 401 1528 crat,
424 1450 535 1514 milites
556 1451 651 1528 ducti,
673 1471 766 1532 quum
789 1449 965 1512 cadendum
986 1458 1067 1509 essct
1081 1468 1200 1525 saxum,
1215 1447 1372 1509 arboribus

325 1536 407 1598 circa
440 1537 611 1599 inmanibus
624 1535 765 1618 'dejectis
795 1534 1052 1615 detruncatisque,
1073 1544 1188 1596 struem
1215 1534 1369 1616 ingentem

325 1623 474 1704 lignorum
491 1623 625 1686 iaciunt:
649 1643 778 1704 cumque
804 1621 911 1702 (quum
931 1639 964 1683 et
981 1621 1027 1681 vis
1040 1620 1124 1682 venti
1142 1631 1215 1704 apta
1229 1619 1370 1682 faciendo

324 1709 388 1790 igni
404 1720 510 1772 coortu
529 1709 621 1790 esset)
639 1709 839 1787 succendunt,
853 1712 879 1747 ⁶¹
886 1707 1085 1787 ardentiaque
1097 1727 1173 1768 saxa
1186 1705 1286 1768 infuso
1300 1727 1371 1768 ace-

325 1807 357 1856 to
380 1795 595 1878 putrefaciunt.
620 1801 621 1804 ’
651 1795 700 1857 lta
720 1795 869 1856 torridam
897 1793 1042 1854 incendio
1064 1813 1170 1875 rupem
1192 1793 1272 1854 fetro
1293 1812 1370 1875 pan·

325 1883 411 1958 dunt,
435 1885 462 1920 ⁶³
472 1882 671 1964 molliuntque
688 1881 883 1944 autfractibus
905 1879 1035 1942 modicis
1056 1879 1161 1957 clivos,
1181 1891 1217 1941 ut
1238 1897 1298 1940 non
1317 1878 1371 1959 ju·

324 1981 429 2031 ntcnta
444 1968 553 2046 solnm,
568 1970 622 2032 sed
637 1967 794 2050 elephanti
814 1968 921 2044 etium,
939 1965 1051 2028 deduci
1066 1976 1199 2048 possent.
1225 1964 1370 2034 'Quatri-

257 2091 260 2097 ·
326 2054 418 2116 duum
434 2055 516 2116 circa
530 2076 636 2136 rupem
652 2065 858 2131 cottsmtttum,
869 2080 872 2083 ·
876 2051 1025 2135 jumentis
1039 2051 1230 2134 propasome
1244 2052 1369 2113 absum-

159 2652 248 2703 ltaiiam
258 2652 295 2701 itt·

157 2720 286 2835 nitu..

326 2141 385 2202 uis:
410 2141 492 2200 nuda
507 2140 588 2201 enim
604 2141 666 2201 fere
682 2139 843 2202 cacumina
866 2151 959 2216 sunt,
973 2143 1022 2217 ct,
1042 2140 1067 2200 si
1092 2138 1165 2218 quid
1187 2148 1236 2199 cst
1256 2138 1370 2220 pabuli,

326 2226 459 2287 obruunt
473 2226 565 2288 nives.
610 2229 636 2265 ⁸⁴
647 2223 813 2288 Inferiora¹
827 2226 919 2288 valles
931 2237 964 2286 et
977 2224 1097 2307 apricos
1113 2224 1262 2305 quosdam
1278 2224 1371 2286 colles

326 2313 453 2389 habent,
466 2313 601 2394 rivosque
613 2334 707 2395 prope
722 2312 823 2391 silvas,
834 2315 901 2374 ⁶let
910 2310 993 2393 jam·
1007 2312 1140 2373 humano
1153 2311 1235 2372 cultu
1250 2311 1370 2392 dignio-

327 2419 361 2459 ra
374 2397 451 2461 loca.
498 2397 542 2458 lbi
553 2397 696 2479 jumenta
717 2399 747 2460 in
771 2399 915 2481 pabulum
930 2399 1033 2474 missa,
1053 2407 1085 2458 et
1100 2397 1184 2479 quies
1207 2395 1370 2461 muniendo

327 2483 412 2546 sessis
435 2485 609 2566 hominibus
634 2485 708 2547 data
729 2486 842 2547 triduo.
869 2485 941 2568 inde
960 2485 1001 2545 ad
1020 2485 1145 2565 planum
1161 2484 1341 2546 descensum
1351 2486 1371 2562 i,

326 2571 419 2636 ctiam
431 2571 506 2633 locis
518 2572 706 2635 mollioribus
721 2584 753 2635 ct
767 2564 944 2639 adcolarum
955 2571 1097 2653 ingeniis.

369 2656 548 2723 XXXVlll.
570 2658 640 2722 Hoc
677 2660 811 2723 ntaxime
834 2659 941 2725 modo
974 2659 1006 2720 in
1039 2656 1160 2723 ltaliam
1192 2670 1370 2741 perventum

359 2888 371 2914 ¹¹
386 2884 462 2945 t'toqua
472 2881 540 2931 Cret.
638 2906 651 2935 o
666 2884 820 2949 interpunctio
831 2874 985 2955 ⁸Grnrtoniana,
995 2883 1087 2948 probata
1097 2880 1215 2941 craterio,
1223 2884 1274 2931 hoec
1285 2894 1322 2933 eat
1331 2900 1372 2933 :-

325 2944 480 2995 obluctabantur
486 2950 604 3008 jtmrertto:
620 2946 717 2998 ucdbmn
727 2950 847 3009 interdum,
856 2951 923 2999 stiam
932 2959 980 2998 tuat
989 2949 1033 3009 inf.
1045 2952 1088 2997 dcc.
1186 2954 1199 2988 t
1214 2957 1236 2995 et
1238 2951 1290 3008 jaca
1301 2946 1371 2999 Cret.

325 3018 338 3053 ‘¹
353 3014 480 3067 mdc,
500 3010 574 3063 noer.
596 3000 657 3077 ilup.
759 3020 784 3067 ,¹
797 3015 904 3080 inferiora
923 3016 987 3065 tollit
1005 3015 1087 3075 opnor
1107 3013 1182 3076 quad.
1204 3011 1278 3063 Gran.
1300 3012 1370 3062 Cres.

324 3082 334 3108 ¹
349 3078 414 3125 aba·
424 3078 500 3128 cren.
602 3079 671 3128 'add
682 3089 713 3129 ιιι
725 3080 795 3130 Cret.

356 3214 378 3250 ⁶¹
394 3214 499 3266 Jumtnto
509 3220 607 3267 mbont
617 3220 728 3281 inuidiam
744 3221 832 3281 etjam
863 3230 953 3269 tantum
972 3219 1148 3284 suppeditaverit
1169 3218 1235 3269 aceti.
1269 3220 1300 3269 Et
1317 3222 1369 3283 qui·

324 3282 383 3347 utut]
411 3283 438 3331 ln
457 3284 554 3345 vulgatis
575 3286 690 3335 distinctio
711 3286 832 3349 apponitur
863 3288 916 3335 dem
934 3284 1131 3333 uibiltalebabct
1142 3284 1224 3349 Polyb.
1257 3287 1369 3333 Ceterum

324 3350 581 3409 postrocemjurncnto.
615 3350 661 3398 Sed
671 3351 755 3399 nterito
767 3352 830 3399 vide.
864 3352 1020 3412 ignictaccto
1030 3353 1106 3414 rumpi
1116 3350 1191 3399 cilices
1201 3350 1300 3398 affirmat
1310 3350 1368 3399 Plin.

325 3422 364 3459 tur
383 3412 513 3461 Grortoviua
535 3430 586 3461 com
603 3414 657 3461 buic
675 3416 725 3462 voci
742 3430 830 3477 prrepo·
864 3417 995 3464 xantus.

325 3478 405 3534 tuisse,
414 3488 440 3524 ut
449 3493 475 3524 ct
484 3494 535 3539 quse
546 3479 678 3541 praecedunt
689 3480 716 3525 ad
725 3479 832 3527 bominca
895 3476 918 3513 ⁶³
947 3478 962 3506 ⁹
992 3476 1302 3543 Molliunt....omsroctibnt
1321 3495 1369 3525 mo-

326 3541 384 3602 ipaoa
405 3542 560 3589 tolerantur.⁴
585 3542 637 3589 Hoc
659 3544 741 3607 quippe
763 3544 832 3591 ruodo
864 3543 918 3591 dicit
937 3543 1012 3605 clima]
1041 3545 1096 3591 Non
1117 3556 1191 3593 rectas
1211 3544 1298 3592 ducunt
1313 3545 1371 3601 rita,

286 3612 292 3628 ‘
326 3605 398 3651 oratio
414 3616 438 3653 ct
454 3604 580 3655 distinctior
599 3618 643 3667 cst,
663 3620 688 3654 at
708 3608 776 3669 magia
793 3624 831 3657 ac·
862 3609 903 3655 sed
928 3624 971 3671 pcr
997 3610 1096 3657 modicos
1119 3609 1240 3659 amfractus
1267 3608 1367 3671 inflatas,

325 3670 467 3717 mamonae·
482 3672 510 3717 ad
528 3670 616 3735 Polybii
632 3684 744 3733 mentem,
762 3689 831 3737 quam
862 3672 894 3720 ita
923 3685 950 3722 ut
977 3674 1066 3722 mollior
1091 3676 1212 3723 descensus
1236 3689 1278 3738 per
1299 3673 1369 3723 clivos

326 3735 364 3781 hic
375 3734 433 3781 fidus
444 3734 554 3799 interpres
565 3736 674 3787 exscribit
686 3738 769 3787 lirina.
802 3738 830 3786 ln
864 3740 937 3787 ficret.

326 3799 354 3846 iis
376 3814 428 3862 qnae
449 3812 584 3863 sequuntur,
611 3802 744 3864 partiendam
765 3805 831 3852 edom
893 3800 917 3835 θ*
934 3801 1044 3853 inferiora
1061 3802 1135 3867 mllio]
1160 3802 1247 3850 Melius
1266 3803 1370 3861 fortasse,
1410 3839 1414 3843 Α

326 3865 471 3915 resolvimus
494 3867 519 3913 itt
546 3867 701 3915 duaavotulat
724 3876 748 3916 ct
768 3871 830 3929 jora.
862 3868 922 3929 quod
941 3882 970 3915 cx
987 3883 1034 3916 nno
1053 3867 1367 3917 tauromenitanae

326 3928 430 3978 Junmtc
450 3930 547 3993 irfimom
563 3931 625 3979 illam
636 3934 715 3991 alumi,
731 3933 775 3981 boc
786 3944 832 3994 cst,
861 3933 937 3992 regiis,
956 3932 1022 3981 all'ert
1032 3930 1085 3981 dac.
1098 3931 1245 3980 Gronovius:
1263 3933 1369 3997 iry'rrioro

327 4004 438 4053 timerem,
455 3998 545 4053 duram,
559 3999 636 4057 ajon
646 4006 694 4045 rom
704 4000 830 4062 ingredien-
861 3999 928 4045 uollet
937 4006 959 4044 et
968 4000 1060 4059 apricat.
1069 4032 1075 4047 .
1085 4033 1107 4047 ..

328 4060 368 4117 tio,
387 4060 435 4109 i.c.
457 4062 494 4110 uel
517 4064 564 4126 ipso
592 4060 690 4125 primum
719 4063 829 4125 ingressu,
892 4058 915 4093 ⁶⁵
939 4060 970 4109 Bt
980 4065 1033 4124 joas
1054 4061 1150 4109 tunam
1171 4059 1245 4127 cultu]
1268 4061 1368 4111 Diticim

325 4122 432 4185 minut,
450 4134 472 4173 et
486 4116 595 4187 proldpro,
608 4129 724 4188 jactandis
738 4129 831 4191 gracias
861 4123 1023 4189 lcgijussimua
1032 4134 1126 4174 auctore
1137 4126 1263 4184 Grooorio,
1277 4137 1299 4175 et
1308 4129 1371 4187 ‚ison

325 4187 628 4249 urrgulisr'ncontinotdoae,
643 4204 671 4239 ut
688 4206 712 4239 te
724 4191 830 4251 contine·
862 4205 933 4252 quum
954 4192 1038 4251 vttlgati
1059 4190 1170 4239 babeaem
1190 4193 1265 4240 niam.
1305 4192 1368 4240 inira

325 4260 396 4327 rent,
407 4262 433 4297 ut
452 4252 568 4303 firmarent
589 4257 718 4321 vestigium,
742 4257 830 4319 potitus
861 4269 950 4318 qttoquc
969 4256 1086 4304 dividenda
1096 4270 1174 4303 rursus
1184 4256 1276 4305 ridetur
1286 4260 1368 4307 eedem

322 4310 601 4440 pqgnqmzwm
616 4384 690 4448 diffuso
705 4394 765 4435 aceto
779 4398 828 4446 prs·
859 4319 1368 4452 liliiitltutllibtiiitdmil,titillabatultuiitgiiditet

325 4440 455 4509 motum]
472 4444 560 4494 meum
572 4448 828 4511 cruentarentur
892 4501 902 4527 q
1050 4420 1059 4451 ’
1338 4422 1345 4439 '
