3092 5200
454 379 532 448 LIB.
544 377 656 442 XXVI.
678 379 759 443 cll‘.
775 381 876 447 XXX.
1136 389 1193 447 341

145 559 224 603 neve
239 561 276 603 eo
292 531 372 604 anno
387 539 499 623 plures,
514 557 605 621 quam
621 559 682 601 una
696 549 728 602 et
749 536 869 622 viginti,
891 537 1037 602 Romana
1057 540 1196 625 legiones
1209 561 1242 612 u.
1252 561 1282 613 c.
1293 563 1355 612 sla.

147 638 262 691 efflent.
493 644 497 652 '
514 646 518 657 ¹
791 645 795 654 ·
1207 629 1239 678 Α.
1248 629 1277 676 C.
1289 628 1346 677 21⁰.

195 713 313 778 XXIX.
346 712 405 776 His
434 713 702 776 senatusconsultis
726 713 879 797 perfectis,
901 714 1001 777 sortiti
1025 714 1196 797 provincias
1207 691 1321 808 {sm

144 801 296 864 consules.
340 797 446 862 Sicilia
470 813 503 864 et
527 801 631 863 classis
657 797 818 884 Marcello,
845 798 935 862 Italia
955 821 1026 862 cunr
1042 801 1125 863 bello
1139 802 1194 863 ad·
1208 793 1321 872 alban

143 905 250 948 versus
265 885 471 950 Hannibalem
487 885 607 950 lraevino
622 880 733 950 evenit.
777 887 852 958 Qun
875 908 951 967 sora,
977 888 1060 949 velut
1085 888 1195 950 iterum
1207 887 1299 966 ⁰wast
1309 887 1349 936 δῖ-

145 975 249 1057 captis
264 971 430 1060 Syracusis,
451 975 495 1037 ita
510 975 694 1037 exanimavit
709 971 839 1053 Siculos,
861 974 1091 1057 exspectatione
1106 975 1197 1037 sortis
1208 954 1339 1068 {Qum

144 1059 180 1120 in
196 1061 352 1123 consulum
368 1073 532 1145 conspectu
547 1073 675 1136 stantes,
699 1073 735 1124 ut
757 1061 959 1143 comploratio
981 1082 1085 1123 eomm
1110 1061 1195 1124 flebi-
1207 1082 1335 1144 legatorum

145 1145 252 1228 lesque
265 1168 353 1209 voces
367 1159 400 1210 et
423 1149 579 1231 extemplo
603 1148 708 1211 oculos
735 1148 893 1209 hominum
919 1159 1141 1227 converterent,
1163 1149 1364 1216 etamplomlo·

143 1233 311 1314 postmodo
325 1255 480 1296 sermones
495 1235 686 1318 prebuerint.
729 1233 940 1297 Circumibant
960 1236 1041 1298 enim
1057 1247 1196 1299 senatum

142 1339 219 1382 cum
234 1334 317 1384 veste
331 1321 464 1399 sordida,
486 1320 692 1398 adfirmantes,
710 1321 763 1361 ‘⁵⁰
775 1342 809 1382 ae
823 1343 886 1383 non
901 1323 994 1384 modo
1009 1343 1095 1384 suam
1111 1322 1196 1404 quis·

141 1405 153 1437 ‘
169 1427 232 1488 que
247 1409 389 1491 patriam,
411 1407 466 1470 sed
479 1419 576 1470 totam
593 1407 738 1486 Siciliam,
755 1408 922 1486 relicturos,
938 1409 963 1469 si
979 1430 1018 1471 eo
1032 1407 1196 1472 Marcellus

142 1492 283 1556 ‘iterum
299 1514 368 1558 cum
383 1495 512 1578 imperio
526 1495 662 1557 redisset
705 1493 798 1556 Nullo
813 1516 868 1556 suo
892 1497 1003 1557 merito
1029 1517 1097 1558 eum
1125 1507 1196 1559 ante

142 1580 160 1624 ‘·
172 1579 388 1664 inplacabilem
412 1583 443 1642 in
460 1603 492 1644 se
508 1581 618 1644 fuisse:
642 1581 714 1663 quid
730 1581 852 1660 iratum,
864 1582 947 1663 quod
963 1581 1094 1644 Romam
1110 1583 1148 1645 de
1163 1605 1197 1644 se

145 1665 319 1748 ‘questum
341 1668 456 1731 venisse
472 1665 591 1730 Siculos
605 1668 692 1746 sciat,
716 1667 889 1730 iacturum?
922 1668 1016 1731 Obmi
1032 1667 1134 1732 AEtnae
1148 1671 1196 1752 ig·

146 1753 275 1832 ‘nibus,
292 1764 345 1817 aut
359 1756 454 1837 mergi
471 1754 561 1832 freto,
576 1755 669 1819 satius
696 1753 738 1816 illi
766 1755 871 1816 insula
896 1776 973 1833 ease,
996 1769 1086 1837 quam
1113 1757 1198 1819 velut

146 1839 157 1872 ‘
174 1841 204 1885 ⁵⁷
221 1840 292 1903 dedi
307 1861 393 1903 noxae
408 1839 554 1903 inimico.'
599 1839 656 1903 Hae
672 1839 843 1902 Siculorum
858 1842 996 1922 querela,
1012 1842 1119 1904 domos
1134 1844 1197 1925 pri·

147 1945 235 1988 mum
262 1927 407 1989 nobilium
433 1928 626 2005 circumlatae,
652 1927 873 2008 celebrataeque
898 1929 1098 2007 sermonibus,
1122 1949 1198 2009 quos

145 2013 262 2096 partim
278 2014 486 2076 misericordia
501 2013 684 2093 Siculorum,
703 2014 816 2097 partim
829 2014 944 2076 invidia
958 2013 1098 2077 Marcelli
1114 2015 1198 2076 exci-

145 2099 247 2178 tabat,
262 2100 293 2162 in
309 2110 448 2162 senatum
463 2102 557 2164 etiam
572 2113 781 2184 pervenerunt.
827 2099 1016 2163 Postulatum
1033 2123 1051 2163 a
1066 2101 1198 2164 consuli-

146 2186 205 2247 bus
229 2196 287 2264 est,
313 2197 348 2247 ut
373 2187 410 2248 da
433 2188 641 2268 permutandis
664 2187 826 2269 provinciis
841 2198 979 2250 senatum
994 2188 1199 2251 consulerent.

146 2269 326 2350 Marcellus,
350 2273 399 2334 ‘si
410 2270 477 2354 jam
493 2273 589 2336 auditi
606 2274 645 2334 ab
660 2285 769 2336 senatu
785 2271 877 2335 Siculi
892 2286 1005 2353 essent,
1028 2275 1119 2336 aliam
1136 2275 1198 2336 lor·
1210 2282 1335 2359 Murenae

146 2358 256 2420 ‘sitan
277 2359 409 2421 futuram
435 2360 525 2421 fuisse
549 2360 731 2421 sententiam
757 2357 865 2437 suam,'
890 2361 1000 2423 dicere.
1025 2360 1139 2439 ‘nunc,
1158 2349 1340 2424 nepesinae.

147 2447 158 2479 ‘
175 2446 242 2526 quis
258 2446 366 2508 timore
381 2445 491 2508 frenari
506 2467 558 2507 eos
575 2447 674 2508 dicere
688 2456 802 2528 posset,
814 2466 874 2525 quo
886 2447 986 2507 minua
999 2446 1037 2509 de
1051 2469 1090 2510 eo
1105 2448 1198 2510 libere

146 2531 349 2614 ‘querantur,
374 2534 404 2594 iu
432 2531 515 2616 cujus
543 2543 696 2616 potestate
723 2553 796 2593 mox
821 2532 914 2593 littori
938 2533 1010 2613 sint,
1034 2534 1059 2595 si
1075 2533 1198 2617 collegae

147 2620 158 2654 ‘
175 2620 252 2682 nihil
268 2621 396 2700 intersit,
418 2630 536 2682 mutare
551 2641 583 2681 se
597 2620 785 2703 provinciam
800 2632 940 2701 paratum
955 2640 1032 2682 esse.
1048 2623 1076 2661 ⁵⁸
1089 2622 1197 2704 depre-

147 2706 158 2740 ‘
174 2707 237 2768 cari
253 2718 374 2771 senatus
389 2705 615 2790 praejudicium3
640 2727 722 2784 nam,
739 2726 832 2787 quum
847 2718 933 2768 extra
946 2717 1058 2768 sortem
1072 2708 1197 2790 collegae

145 2793 157 2826 ‘
174 2794 332 2876 optionem
349 2794 414 2855 dari
430 2793 591 2875 provincia
605 2793 743 2873 iniquum
768 2792 868 2870 luerit,
891 2794 1033 2873 quanto¹¹
1048 2794 1195 2875 majorem

146 2880 157 2913 ‘
174 2884 202 2919 ⁶⁰
214 2878 366 2961 injuriam,
382 2881 476 2941 immo
492 2878 708 2941 contumeliam
723 2898 800 2955 esse,
824 2893 938 2940 sortem
960 2900 1046 2940 suam
1065 2880 1103 2941 ad
1125 2902 1199 2955 eum

147 2964 159 2999 ‘
175 2964 331 3029 transferri
344 2964 373 3027 l'
395 2964 444 3027 lta
462 2976 595 3042 senatus,
610 2983 715 3045 quum,
730 2964 802 3045 quid
818 2964 963 3047 placeret,
979 2966 1076 3047 magis
1091 2978 1196 3028 ostan-

147 3051 254 3129 disset,
269 3071 360 3133 quam
375 3051 538 3128 decresset,
561 3049 734 3112 dimittitur.
757 3051 838 3111 inter
858 3050 940 3131 ipsos
966 3052 1106 3112 consules
1127 3072 1197 3134 per·

147 3137 278 3199 mutatio
293 3137 526 3220 provinciarum,
551 3135 687 3218 rapiente
702 3135 766 3196 lato
781 3133 962 3196 Marcellum
979 3136 1019 3197 ad
1034 3134 1196 3197 Hanniba·

148 3223 222 3301 lem,
248 3223 330 3287 lacta
354 3234 421 3285 est:
453 3234 496 3299 ut,
521 3243 559 3285 ex
582 3243 643 3303 quo
666 3221 781 3305 primus
801 3220 930 3282 adversa
944 3242 1053 3304 pugnae
1066 3222 1195 3302 gloriam

146 3322 283 3393 ceperat,
295 3311 326 3373 in
342 3307 406 3393 ejus
420 3309 541 3373 laudem
556 3318 726 3393 postremus
741 3306 951 3369 Romanorum
966 3301 1202 3390 imperatorum,

147 3398 300 3481 prosperis
315 3408 380 3459 tum
395 3396 532 3481 maxime
542 3396 656 3457 bellicis
672 3394 770 3472 rebus,
783 3394 915 3456 caderet.

189 3482 301 3547 XXX:
315 3482 497 3547 Permutatis
510 3482 682 3565 provinciis,
698 3478 803 3558 Siculi,
819 3481 849 3542 in
865 3491 1002 3542 senatum
1018 3481 1196 3559 introducti,

66 3651 70 3659 ,
145 3572 245 3637 multa
259 3571 298 3634 de
313 3568 458 3633 Hieronis
471 3570 552 3651 regis
565 3569 627 3630 lide
648 3579 796 3651 perpetua
815 3588 887 3649 erga
910 3568 1056 3651 populum
1079 3566 1195 3629 Roma-

566 3666 579 3701 ¹⁸
593 3676 700 3732 quatum
712 3667 787 3719 Grau.

181 3752 203 3789 ⁸⁶
225 3754 294 3805 aa...
310 3768 373 3801 mon
394 3752 482 3815 quiaque
499 3752 596 3813 putn'on
617 3765 653 3799 re·
685 3764 779 3807 maan,
798 3749 826 3796 ad
844 3747 988 3813 ”politium
1027 3745 1092 3797 Nm
1112 3748 1197 3797 dcitur

148 3819 248 3883 lienem]
276 3817 405 3869 Gronovius
432 3816 531 3877 dubitat,
557 3830 586 3863 au
608 3829 655 3864 non
686 3813 798 3877 acccipe,
813 3824 925 3877 etpoena.

149 3883 271 3945 legendum
299 3886 330 3933 ait
351 3897 463 3946 quotaque,
489 3896 521 3929 ne
550 3880 656 3929 videlicet
718 3879 740 3913 ⁵⁸
770 3878 891 3940 Deprecari
916 3887 1003 3927 mutua
1026 3877 1191 3940 projectiora]

148 3950 233 3997 soloeca
253 3964 302 3999 esta
319 3949 393 3997 oratio
410 3946 521 3995 rideatur.
554 3945 654 3995 Errant
687 3944 778 3993 Precari
797 3959 827 3991 ne
845 3945 963 3992 decretum
980 3954 1073 3991 renatus
1092 3944 1196 4004 interpo-

147 4012 180 4062 aic
192 4013 262 4063 edidit
281 4016 428 4079 Campanus:
446 4023 470 4061 et
481 4010 655 4077 postulatrecta
685 4020 753 4058 natur
772 4010 801 4057 de
823 4009 980 4073 permutandis
1000 4008 1129 4071 proriaciie,
1148 4022 1195 4068 quo

147 4079 256 4143 loquendi
275 4082 341 4128 ratio.
374 4078 436 4125 Nam
455 4078 514 4141 quod
536 4075 655 4123 Sallustius
685 4076 778 4123 decreto
796 4074 825 4122 de
839 4090 879 4122 aaa
896 4077 946 4138 J'arn
963 4088 1029 4121 causa
1049 4071 1195 4135 querelisque

149 4144 173 4193 iu
191 4144 256 4193 Bello
276 4141 656 4207 Jugmh.e.18.haber,nuta
686 4140 817 4188 Siculorum
837 4138 995 4203 prejudicium
1024 4136 1116 4199 aliquod
1143 4136 1194 4185 lieri

147 4210 285 4274 iriquum
301 4210 415 4272 inperium
430 4208 562 4268 patentibus,
580 4205 602 4253 id
619 4204 652 4255 ita
684 4206 809 4253 videretur.
841 4204 881 4251 De
896 4219 952 4252 voce
971 4203 1125 4264 prq'adician
1145 4201 1193 4249 rid.

148 4274 269 4338 accipimus
286 4285 313 4323 ut
331 4277 419 4337 quisque
439 4272 469 4319 rit
490 4272 513 4319 in
535 4270 652 4320 auferendi
685 4282 734 4319 not.
745 4271 784 4362 ⁸1⁰⁶
795 4268 901 4347 edbrit.
913 4268 987 4346 ⁰:⁴⁰·
1090 4332 1095 4342 Ι

148 4354 254 4455 iiiii
262 4334 655 4453 utlirf‘lffl'l‘tl‘ald:
678 4336 747 4461 aii
767 4328 1194 4461 dlttu'awtulltz

147 4456 178 4518 a'd
191 4470 284 4518 rrum.
656 4464 781 4526 'judicer
808 4465 938 4517 contumelia
965 4462 1059 4515 oenone
1079 4461 1195 4527 probrum,

181 4534 203 4571 ⁵⁷
230 4531 246 4563 '
271 4532 330 4589 Dedi
350 4530 420 4599 aare]
449 4530 518 4593 Dedi,
537 4530 602 4584 salut
625 4529 655 4581 ab
685 4528 777 4595 affront.
