3092 5200
351 329 410 386 882
773 323 858 386 'ml
876 321 976 386 lell

184 487 325 542 uomet.
354 483 483 546 diderat.
516 481 574 546 llis
589 485 737 546 ambobus
760 485 867 547 civitas
877 484 962 562 data,
976 494 1008 546 et
1028 483 1182 567 quingena
1190 484 1303 567 jugera
1316 487 1395 569 agri.

130 571 137 582 '
184 554 326 669 ffiff·
354 567 455 632 Sosidi
470 571 502 632 in
517 591 590 652 agro
606 569 808 656 Syracusano,
823 572 875 652 qni
897 582 951 633 aut
971 571 1081 652 regius,
1107 581 1162 634 aut
1176 572 1311 634 hostium
1334 593 1395 656 po·

186 683 331 748 Maisoagrt
353 658 416 739 puli
432 655 563 720 Romam
579 657 696 736 brimet,
720 667 754 720 ct
774 657 855 720 sedes
877 654 1035 740 Syracusis
1059 655 1144 739 cujus
1158 658 1252 721 vellet
1274 673 1402 737 eorum,¹

184 749 241 801 dari.
352 745 383 804 in
398 763 474 824 quoa
503 743 574 806 belli
591 743 661 825 jure
687 744 929 806 animadversum
957 755 1058 805 esset:
1084 742 1204 806 Merico
1227 742 1392 828 Hispanis·

351 849 420 910 que,
435 830 486 911 qui
512 851 582 892 cum
598 851 636 892 eo
659 830 854 908 transierant,
872 831 944 892 urbs
957 849 1090 912 agerque
1114 831 1146 892 in
1162 828 1267 891 Sicilia
1287 853 1327 894 ex
1338 833 1391 910 iis,

350 915 1392 1085 urentiulrmtlummmillim

352 1089 548 1170 adsignaret-
572 1089 607 1152 ln
627 1089 736 1152 eodem
751 1110 826 1172 agro
840 1088 1002 1172 Belligeni,
1030 1109 1188 1172 perquem
1202 1090 1333 1152 inlectus
1344 1092 1389 1153 ad

352 1176 562 1238 transitionem
577 1173 712 1238 Maricas
733 1189 809 1253 erat,
838 1177 1062 1257 quadringenta
1071 1175 1180 1258 jugera
1201 1177 1263 1256 agri
1278 1178 1388 1239 decre-

352 1272 394 1322 ta.
424 1260 498 1324 Post
519 1263 739 1346 prosectionem
761 1283 802 1324 cx
829 1261 936 1324 Sicilia
960 1261 1113 1340 Marcelli,
1145 1261 1258 1323 Punica
1279 1263 1386 1325 classis

351 1359 423 1410 octo
452 1349 549 1410 millia
576 1347 723 1432 peditum,
745 1350 805 1410 tria
832 1347 1034 1411 Numidarum
1065 1348 1201 1430 equitum
1236 1351 1387 1438 exposuit.

184 1421 293 1502 mil?
300 1439 338 1473 ¹¹¹·
349 1433 419 1495 ⁸Ad
432 1455 486 1496 eos
499 1433 703 1517 Morgantina
729 1435 921 1497 descivemnt
934 1447 1029 1496 terre.
1057 1445 1169 1498 secutae
1182 1434 1385 1498 defectionem

184 1489 316 1614 ἓξὲξ
350 1539 453 1583 earmn
488 1520 520 1582 H
540 1521 592 1584 bla
626 1533 660 1584 et
680 1519 816 1582 Macella
835 1533 916 1598 sunt,
937 1533 970 1583 ct
991 1521 1184 1602 ignobiliores
1219 1523 1386 1604 ¹'quaedam

183 1617 265 1670 nnn.
350 1608 426 1670 alie.
457 1605 499 1668 Er
521 1541 676 1685 ilmina,
702 1607 846 1690 prrefecto
871 1606 1005 1686 Mutine,
1029 1608 1098 1688 vagi
1124 1628 1180 1689 per
1194 1618 1292 1670 totam
1307 1607 1387 1671 Sici-

350 1694 431 1772 liam,
458 1694 610 1756 sociorum
637 1695 741 1777 populi
757 1693 890 1756 Romani
920 1709 1008 1776 agros
1022 1695 1162 1756 urebant
1207 1691 1307 1776 Super
1324 1697 1390 1756 baec

349 1781 499 1842 exercitus
513 1779 671 1844 Romanus
693 1782 798 1859 iratus,
813 1781 926 1863 partim
941 1779 1106 1862 quodcum
1125 1781 1312 1862 imperatore
1327 1801 1389 1844 non
1404 1781 1411 1786 ’

351 1867 492 1930 devectus
507 1888 547 1928 ex
572 1867 727 1950 provincia
741 1880 833 1943 esset,
847 1868 960 1949 partim
982 1867 1065 1948 quod
1094 1867 1126 1927 iu
1150 1867 1271 1948 oppidis
1286 1868 1390 1929 hiber·

350 1973 423 2015 nare
435 1953 520 2016 vetiti
535 1964 632 2031 erant,
658 1953 757 2035 segni
773 1953 978 2036 frmgebantur
1006 1952 1137 2014 militia:
1161 1952 1318 2034 magisque
1342 1955 1388 2015 cis

350 2051 457 2102 auctor
471 2040 510 2102 ad
524 2039 717 2117 seditionem,
747 2060 839 2120 quam
853 2041 983 2118 animus,
1006 2039 1119 2100 deerat.
1141 2039 1220 2102 iuter
1234 2039 1289 2099 bas
1303 2039 1387 2101 dilli-

350 2126 480 2188 cultates
495 2125 542 2187 M.
566 2125 725 2189 Cornelius
740 2137 851 2208 prator
873 2137 907 2188 et
919 2126 1050 2188 militum
1070 2126 1197 2201 animos,
1212 2145 1293 2186 nunc
1308 2145 1386 2188 con·

349 2212 487 2288 solando,
513 2233 594 2274 nunc
620 2213 808 2293 castigando,
833 2211 962 2290 sedavit,
985 2222 1017 2272 et
1030 2211 1165 2273 civitates
1178 2231 1298 2289 omnes,
1318 2232 1388 2292 qure

233 2345 236 2352 ⁴
349 2297 534 2376 deiecerant,
556 2299 618 2359 ¹¹in
633 2298 782 2360 ditionem
794 2297 933 2380 redegit:
959 2309 1051 2378 atque
1063 2319 1103 2359 ex
1116 2297 1165 2357 bis
1173 2294 1388 2378 Murgantiam

349 2381 506 2532 ἓίῐερζυηξε,
522 2385 630 2466 quibus
643 2386 714 2447 urbs
729 2405 860 2466 agerque
875 2385 1054 2460 debebatur,
1069 2403 1107 2445 eu
1122 2384 1388 2446 senatusconsulto

403 2493 426 2532 n
469 2493 478 2532 ι
836 2514 841 2532 .
1381 2511 1385 2519 ι

391 2482 504 2621 ΧΧΠι..
514 2557 670 2638 munla,
697 2576 790 2641 quum
816 2558 907 2621 ambo
934 2556 1079 2642 Apuliam
1116 2557 1299 2641 provinciam
1325 2558 1385 2621 ba-

349 2645 467 2723 berent,
482 2646 641 2727 minusque
663 2644 729 2728 jam
756 2646 877 2708 terroris
900 2666 920 2706 a
945 2643 1047 2706 Poenis
1059 2654 1093 2708 et
1106 2642 1275 2706 Hmuibale
1289 2656 1385 2723 esset,

347 2730 548 2879 ,wi
561 2728 1386 2899 illlwfffl‘lllmllidlllltrillll

346 2922 427 2963 mam
453 2904 646 2967 comitiorum
676 2926 784 2967 caussa
808 2904 978 2981 arcessitus,
997 2923 1091 2985 quum
1114 2904 1386 2966 comitia-consuli·

346 2989 402 3051 bus
417 2990 561 3073 rogandis
584 2991 721 3069 haberet,
747 2989 977 3074 ¹¹praerogstiva
999 2988 1127 3052 Veturia
1148 2989 1304 3071 junionrm
1330 2990 1387 3051 de·

209 3073 322 3189 ¹n'ssm
346 3074 471 3140 claravit
489 3076 528 3141 Τ.
550 3076 702 3142 Manlium
712 3075 904 3159 Torquatum
929 3088 962 3137 et
973 3074 1013 3138 Τ.
1032 3075 1210 3140 Otacilium.
1238 3074 1387 3154 Manlius,

192 3218 219 3253 ‘⁶
269 3238 277 3254 ·
346 3162 1388 3334 illm}illstttbltffmtttllttmtldt

345 3336 476 3397 tribunal
492 3336 623 3399 consulis
643 3337 747 3413 venit3
774 3337 922 3419 petitque,
947 3348 984 3398 ut
1004 3356 1103 3417 pauca
1121 3354 1176 3395 sua
1189 3336 1282 3397 verba
1294 3335 1385 3397 audi-

346 3432 403 3499 ret,
417 3422 657 3502 centruiamque,
672 3442 739 3503 que
759 3422 881 3483 tulisset
895 3421 1080 3503 srrllragium,
1100 3421 1233 3482 revocari
1250 3419 1384 3503 juberet.

295 3496 302 3517 '
344 3505 462 3569 Erectis
487 3507 625 3569 omnibus
650 3508 888 3592 exspectatione,
905 3507 1048 3589 quidnam
1064 3507 1270 3590 postulaturus
1292 3518 1386 3585 esset,

344 3592 498 3655 'oculorum
518 3592 723 3655 valetudinem
746 3593 914 3657 excusavit.
967 3592 1196 3676 ‘Inpudentem
1217 3604 1251 3657 et
1271 3593 1385 3675 guber·

344 3679 355 3715 ‘
369 3688 507 3741 natorem
522 3690 556 3741 ct
563 3679 780 3761 imperatorem
794 3700 870 3760 esse,
880 3680 943 3762 qui,
952 3700 1045 3761 quum
1055 3680 1162 3743 alienis
1174 3680 1271 3742 oculis
1280 3680 1391 3741 eiom-·

373 3886 645 3952 ⁹ddsoeblugrnrisr'
663 3888 777 3938 aaran.
808 3888 847 3937 Ss-
877 3885 1386 3950 lornariterrnlectlonrmuanfflrri·

342 3960 398 4001 m
421 3950 559 4017 deliniam
579 3952 664 4015 eorm]
692 3953 784 4015 Vulgo:
811 3953 849 4024 dd
877 3953 981 4029 trajam
995 3965 1050 4002 nare
1066 3967 1108 4001 noa
1124 3953 1148 4001 la
1165 3952 1387 4001 menandrini·

341 4015 742 4145 issmissffidw
764 4027 847 4146 ffel
878 4028 1322 4145 ”Mineruam-„naar

342 4156 424 4193 omnes
451 4146 554 4206 igrsoem
576 4147 670 4195 verbnm
697 4148 848 4196 derisam
913 4142 1385 4211 ”lsrumrdegtqttimartm

341 4204 645 4282 rqurmiceaimiidsn
659 4212 738 4277 scripti
754 4213 849 4271 habear,
878 4214 1118 4263 hoednredircrer
1134 4208 1340 4275 plsrmqnsldss.
1356 4213 1387 4259 i·

340 4282 467 4331 ”imm
492 4287 528 4323 ut
556 4276 685 4353 Gronovius
715 4290 848 4357 eqrmprom
878 4280 1017 4357 deditique-r.
1044 4274 1385 4355 tomum-umas&

339 4346 444 4460 {³⁰⁸²ss
461 4340 548 4475 xm
559 4340 656 4455 'iiiiii
679 4343 765 4473 pyqqprbq
781 4344 849 4457 m
877 4352 1388 4471 “wmwnl'mjasiniwrd

340 4462 490 4529 precedentis
522 4464 675 4534 sbsorprerirr
714 4484 785 4539 nque
815 4474 848 4524 iu
878 4470 1391 4557 arr-lt.rd·r.,t³.ernot.tl.=sdr..l0·r
