3092 5200
368 343 428 398 sa
739 341 745 350 ·
791 337 873 417 arur
894 336 995 400 mvn

199 502 341 586 matta.
368 513 440 563 num
469 497 559 564 rerba
593 497 739 576 iecerunt,
765 499 793 538 ⁸⁸
815 497 848 558 in
884 497 1017 578 gratiam
1046 495 1201 578 publicam
1230 507 1415 584 avertentes,

199 573 231 623 A.
243 569 272 623 ί·
284 572 341 624 ²¹⁰·
367 579 377 613 ‘
393 579 613 682 Hieronymum
629 603 664 644 ac
683 595 791 666 postea
809 581 1020 682 Hippocraten
1035 593 1068 646 et
1082 581 1240 737 Epicyden
1255 595 1413 669 tyrannos,

198 675 330 790 Ἢ
365 666 1412 842 1tturtittarlrtartturuttscreatu

197 807 344 858 Marullum.
364 839 407 906 ‘a
421 839 608 928 principibus
619 841 790 928 juventutis
804 864 898 928 prope
917 842 1040 928 publico
1054 843 1184 909 consilio
1199 840 1410 916 interfectum

361 925 373 958 ‘
386 937 418 992 et
441 927 472 992 in
487 925 633 1028 Epicydis
649 927 905 1014 Hippocratisque
918 929 1033 996 cadem
1047 930 1242 1014 septuaginta
1256 929 1411 996 nobilissi-

361 1015 505 1080 ‘morunr
513 1035 659 1099 Juvenum
668 1016 912 1101 conjurationem
923 1015 1057 1095 factam3
1074 1037 1161 1100 quoa,
1172 1015 1312 1083 Marcelli
1322 1036 1412 1087 mora

361 1103 372 1136 ‘
387 1101 561 1182 destitutos,
573 1103 645 1184 qula
659 1103 698 1170 ad
712 1103 892 1188 pradictum
907 1115 1027 1186 tempus
1042 1103 1206 1171 exercitum
1221 1103 1261 1168 ad
1276 1100 1410 1188 Syracu-

360 1189 370 1222 ‘
385 1191 434 1253 sai
448 1211 511 1258 non
527 1185 720 1268 admovisset,
745 1189 860 1255 indicio
874 1189 969 1270 facto,
990 1209 1095 1256 omues
1110 1191 1149 1253 ab
1162 1190 1297 1290 tyrannis
1311 1189 1409 1252 iuter·

359 1275 490 1341 ‘lectos⁸
512 1275 590 1347 Eam
601 1298 720 1362 quoque
736 1275 780 1342 Hi
802 1277 935 1360 pacratis
951 1288 1041 1357 atque
1056 1273 1133 1358 Epic
1152 1276 1199 1342 dra
1213 1275 1408 1360 tyrannidem

357 1359 564 1429 ‘Marcellum
590 1364 754 1444 excitasse,
817 1363 931 1428 outiois
946 1362 1110 1428 cmdeltser
1126 1297 1264 1454 direptis.
1305 1358 1407 1429 Nutu-

356 1451 367 1484 ‘
382 1471 473 1534 quarn
489 1451 599 1520 deinde
615 1451 767 1536 principes
780 1447 1038 1542 Syracusanorum
1051 1449 1164 1515 desisse
1176 1449 1216 1512 ad
1225 1445 1408 1518 Marcellum

357 1538 369 1571 ‘
383 1539 521 1618 transire,
545 1538 754 1626 pollicerique,
778 1559 812 1601 se
833 1539 949 1616 urbem,
964 1558 1058 1620 quum
1072 1538 1175 1616 vellet,
1189 1537 1218 1600 ei
1232 1536 1406 1605 tradituros.

356 1624 367 1657 ‘
381 1625 434 1688 sed
449 1645 518 1690 eum
529 1626 664 1708 primori
677 1647 787 1708 capere
798 1624 950 1691 maluisse.
961 1624 1044 1704 dein,
1052 1645 1147 1706 quum
1159 1624 1190 1688 id
1200 1644 1299 1706 neque
1313 1634 1405 1702 terra,

356 1710 367 1744 ‘
381 1731 479 1794 neque
494 1713 583 1790 mari,
598 1711 703 1776 omnia
717 1723 871 1797 expertus,
927 1712 1044 1790 tuisset,
1066 1723 1204 1780 auctores
1225 1709 1405 1779 traditarum

356 1797 598 1884 ‘Syracusarum
611 1799 729 1865 fabrum
741 1799 878 1862 ararium
933 1799 1002 1876 sim,
1014 1795 1209 1865 etMerlcum
1220 1795 1406 1880 Hispanum,
1491 1813 1497 1822 ·

355 1883 474 1968 ‘quam
500 1885 653 2034 principes
679 1881 937 1970 Syracusanorum
961 1863 1086 1964 haberit,
1110 1885 1201 1954 toties
1223 1883 1255 1950 id
1275 1883 1403 1966 nequid-

356 1971 366 2002 ‘
382 1991 472 2054 quam
489 1973 603 2036 ultroo
625 1971 768 2052 ferentes,
788 1983 992 2058 praeoptasse:
1017 1992 1078 2054 quo
1093 1971 1210 2046 scilicet
1219 1968 1349 2057 justiore
1363 1969 1403 2035 de

355 2058 486 2122 ‘caussa
510 2059 730 2123 vetustissimos
756 2060 856 2122 socios
881 2059 986 2144 populi
1011 2057 1142 2123 Romani
1168 2056 1342 2134 trucidaret,
1363 2077 1403 2121 ac

354 2145 535 2230 ‘diriperet
579 2143 613 2208 Si
636 2167 699 2210 non
723 2143 928 2234 Hieronymus
948 2145 988 2208 ad
1007 2143 1212 2213 Hannibalem
1227 2141 1404 2224 defecisset,

353 2228 431 2296 ‘aed
447 2233 576 2318 poprdnr
590 2229 844 2316 Syracusanus.et
857 2243 990 2311 senatur,
1005 2231 1037 2314 pi
1056 2241 1160 2324 portas
1174 2227 1325 2294 Marcello
1341 2225 1402 2323 Sy-

352 2317 515 2380 ‘racusani
535 2318 668 2402 publice,
689 2331 720 2381 et
730 2341 808 2398 non,
823 2319 974 2404 obpressis
989 2315 1197 2402 Syracusanis,
1211 2316 1333 2402 tyranni
1348 2338 1402 2380 eo·

351 2405 361 2436 ‘
377 2425 444 2471 rum
459 2401 665 2490 Hippocrates
678 2417 710 2468 et
724 2403 888 2492 Epicydes,
910 2404 1100 2498 clausissent,
1121 2404 1147 2471 si
1162 2399 1402 2492 Karthaginien-

352 2491 455 2556 ‘sium
470 2491 577 2554 animis
598 2490 710 2555 bellum
735 2512 806 2554 curn
828 2491 944 2578 populo
967 2489 1108 2556 Romano
1120 2489 1286 2574 gessissent
1293 2514 1305 2570 3
1329 2489 1403 2576 quid

352 2578 468 2658 ‘ultra
490 2598 581 2660 quarn
600 2579 682 2663 quod
704 2575 821 2659 lecerit,
846 2577 904 2642 nisi
926 2588 961 2643 ut
975 2577 1090 2643 deleret
1104 2575 1278 2666 Syracusas,
1300 2577 1402 2647 lacera

352 2666 363 2697 ‘
379 2666 528 2732 hostiliter
542 2664 723 2731 Marcellum
739 2666 895 2748 potuisse?
920 2663 1013 2729 Certe
1023 2677 1129 2748 prater
1143 2665 1257 2730 muenia
1267 2675 1300 2727 ct
1314 2674 1402 2732 tecta

352 2752 528 2816 ‘exhausta
541 2753 634 2833 urbis,
654 2764 685 2817 et
699 2750 832 2818 refracta
851 2774 888 2816 ac
909 2750 1042 2839 spoliata
1055 2750 1157 2815 Deum
1172 2750 1305 2829 delubra,
1326 2747 1398 2812 Diis

352 2839 449 2923 ‘ipsis
464 2839 710 2921 ornamentisque
726 2861 832 2908 eorum
846 2838 968 2917 ablatis,
988 2838 1064 2902 nihil
1086 2837 1222 2909 relictum
1241 2834 1399 2925 Syracusis

251 2942 253 2947 ·
352 2924 362 2957 ‘
377 2946 453 2988 esse.
478 2922 567 2989 Bona
582 2947 703 3011 quoque
719 2926 823 2991 multis
835 2926 969 3003 ademta,
982 2929 1006 2965 ⁰¹
1022 2925 1109 2989 itaut
1123 2946 1162 2987 ue
1176 2923 1260 2991 nudo
1274 2923 1401 3007 quidem

351 3010 454 3089 ‘solo,
476 3012 529 3075 rell
551 3014 608 3076 uiis
622 3014 748 3099 direptae
769 3011 910 3091 fortuna,
929 3013 1010 3075 alere
1031 3031 1097 3074 sese
1117 3031 1242 3079 acanus
1264 3022 1399 3098 possent.

350 3098 361 3131 ‘
376 3096 470 3163 Orare
484 3120 517 3161 ae
531 3034 636 3163 Satrai
651 3100 852 3183 conscriptos,
876 3111 921 3177 ut,
940 3099 967 3161 si
981 3110 1135 3181 nequeant
1148 3098 1264 3177 omnia,
1277 3098 1401 3179 saltem,

350 3185 361 3219 ‘
375 3206 442 3267 quse
454 3198 652 3269 compareant
666 3188 868 3271 cognoscique
883 3186 1012 3269 possint,
1026 3184 1145 3247 restitui
1167 3183 1298 3248 dominis
1307 3182 1398 3265 jube·

350 3270 450 3336 ‘ant'
492 3268 582 3335 Talia
606 3286 789 3357 conquestos
814 3294 906 3355 quum
930 3272 1077 3337 excedere
1096 3270 1154 3338 ex¹
1179 3271 1348 3355 ”templa
1363 3283 1399 3335 ut
1500 3313 1505 3323 ι

349 3358 567 3509 §spallit
578 3355 1399 3529 rtttlzztttlttltttttffittffi:

350 3532 474 3611 ‘deam‚
499 3532 621 3615 quaudo
641 3493 687 3595 en³
702 3532 879 3597 conditione
892 3555 950 3617 pro
971 3533 1068 3614 vobis,
1089 3530 1195 3598 Patres
1220 3533 1398 3615 conscripti,

742 3666 750 3700 ¹
764 3684 790 3717 re
799 3668 845 3718 del.
857 3668 931 3719 Grau.
942 3667 1012 3718 θην.

382 3762 702 3830 ⁰⁰Iugrotirrrrpnlllum
727 3768 858 3833 metata]
888 3768 1279 3882 &modernarum
1305 3776 1397 3831 pauent.

351 3832 379 3881 ld
454 3842 489 3880 tar
504 3842 531 3881 ut
549 3844 590 3895 pru
605 3830 693 3879 merids
710 3832 857 3882 Hieroalsiu
941 3842 1071 3898 queruntur
1101 3831 1210 3881 rrimlrnn
1248 3832 1395 3896 Syracu-ni,

352 3845 462 3963 popo'ldlr
481 3894 611 3945 Romanurn
632 3897 703 3959 gratis
724 3898 769 3947 toti
787 3898 858 3963 Syn.
887 3912 940 3965 port
958 3900 1074 3964 spoliatam
1089 3896 1172 3947 oriens
1189 3896 1395 3954 sedamnationis

353 3978 489 4013 munorum
499 3962 585 4013 civitati
597 3960 700 4011 habenda
709 3962 834 4013 videretur.
889 3964 995 4030 reliquiar
1015 3966 1109 4032 direpta
1122 3962 1233 4022 tunm,
1249 3963 1272 4010 ld
1287 3973 1333 4026 aar,
1347 3964 1395 4029 pri.

384 4026 505 4078 ⁶¹ltaar
524 4044 552 4076 ne
571 4026 858 4093 surdaquidaarrlofflic
888 4042 940 4078 ruta
961 4030 1031 4091 boor,
1052 4029 1229 4094 μάσω,
1250 4030 1294 4079 &a
1316 4028 1396 4077 rnrrlt'n
1494 4082 1499 4090 ¹

352 4094 426 4153 locus,
444 4094 509 4159 cuius
527 4092 656 4143 Gronovius
671 4092 743 4140 ullum
754 4108 857 4142 anane-
890 4110 981 4163 quoquo
991 4096 1104 4162 adempta.

351 4170 390 4220 gat
407 4174 509 4219 remum,
523 4161 555 4209 tic
572 4172 649 4208 umen
667 4158 758 4207 videtin
773 4160 856 4223 exponi
919 4158 969 4193 θ’·
982 4160 1079 4225 l'emplo]
1097 4162 1127 4209 ln
1143 4161 1194 4209 loru
1212 4158 1274 4210 enim
1294 4156 1395 4217 augud‘n

350 4238 431 4333 posuer
448 4228 481 4274 tta
491 4234 517 4273 nt
527 4225 587 4275 rudo
597 4226 648 4283 ulo,
666 4240 737 4289 quum
748 4223 806 4273 nihil
816 4239 854 4272 re·
886 4237 1019 4275 eonoecmo
1042 4219 1136 4275 senatus
1157 4240 1250 4291 seraper
1267 4222 1395 4272 utem

361 4288 444 4349 'quatit
464 4292 598 4350 Marcellus,
617 4301 700 4355 practer
727 4290 811 4339 moenis
830 4302 855 4338 et
887 4297 899 4344 t
910 4290 966 4338 Vid.
977 4302 1027 4338 aot.
1041 4292 1077 4340 19.
1087 4292 1115 4340 ad
1125 4294 1141 4340 l.
1151 4304 1180 4341 tt.
1191 4306 1212 4340 c.
1222 4290 1263 4339 tt.

351 4360 413 4399 tactu
431 4356 493 4407 urbis
509 4356 627 4413 exhausta,
642 4368 666 4403 et
681 4354 855 4419 syolisudedrn
917 4352 940 4389 θ’
957 4354 1065 4403 mama
1082 4358 1137 4423 lm]
1156 4358 1284 4406 numm
1300 4370 1331 4405 ex
1350 4368 1394 4403 aco

339 4414 596 4485 delubramratiqatir
638 4423 644 4433 ”
683 4422 790 4481 ιάὁνφιι
800 4418 855 4485 [ω
886 4420 964 4468 codice
982 4418 1079 4472 merua
1097 4437 1177 4474 roceto
1198 4425 1249 4480 aaa.
1265 4437 1310 4487 qua
1321 4422 1395 4473 ceteri

352 4490 420 4545 aare,
436 4482 459 4531 tt
477 4494 522 4545 aa,
539 4486 587 4549 priv
647 4485 694 4535 aa
709 4484 784 4549 baua,
800 4496 855 4553 pura
886 4484 964 4553 scripti
974 4498 1061 4539 orent.
