3092 5200
725 213 742 267 Ι

509 365 588 425 LIB.
600 366 703 427 xxn.
714 363 798 425 CAP.
810 366 894 428 LIX.
1170 370 1228 427 1³8

187 518 199 552 ‘
213 518 343 599 aliquem
352 513 392 581 err
407 514 561 580 Catinensi
571 538 675 601 pugna
685 516 859 581 Romanum
871 518 1001 581 militem
1012 528 1145 597 restare;
1160 529 1226 582 trrm
1239 528 1274 580 u.
1285 528 1316 578 c.
1326 529 1384 583 att.

187 603 200 638 ¹
214 604 334 683 demum
345 604 427 686 pacti
436 625 540 665 sumus
550 604 693 688 pretium,
703 625 764 687 quo
776 603 903 667 redemti
917 604 1156 667 dimitteremur:
1178 626 1227 666 ar-
1239 594 1311 649 M·
1322 597 1381 653 ²²⁶-

187 690 199 725 ‘
213 711 274 768 ma,
285 691 317 752 in
329 691 436 773 quibus
454 689 529 751 nihil
536 689 603 774 jam
615 689 720 753 auxilii
731 702 808 769 erat,
823 691 905 753 hosti
917 689 1110 755 tradidimus.
1153 688 1227 753 Ma-

187 774 198 809 ‘
206 773 290 859 jores
314 797 433 858 quoque
448 797 661 859 acceperamus
683 797 716 837 sc
737 798 757 837 a
777 774 873 839 Gallis
896 797 969 842 auro
990 776 1171 840 redemisse:
1195 787 1229 861 et

185 862 197 895 ‘
212 866 238 903 ⁹⁸
248 873 350 946 patres
358 875 472 927 vacuos
481 872 504 942 ⁸,
512 862 693 946 asperrimos
701 862 769 924 illos
781 862 821 923 ad
831 862 1037 925 conditionem
1046 862 1142 947 pacis,
1152 862 1230 923 'ile-

187 948 199 981 ‘
213 960 303 1031 gatos
315 961 418 1011 tamen
427 950 613 1033 captivorum
623 948 866 1011 redimendorum
875 947 1145 1031 gratiaTarentum
1156 946 1231 1010 mis-

180 1033 200 1097 .‘
215 1036 283 1097 isse.
295 1036 390 1117 atqui,
406 1045 438 1097 et
452 1035 490 1098 ad
501 1035 615 1097 Alliam
630 1056 699 1098 cunr
710 1032 817 1113 Gallis,
828 1048 860 1098 et
877 1039 904 1081 ⁰⁷
912 1034 955 1123 ad
965 1034 1147 1099 Heracleam
1158 1054 1229 1096 cum

180 1120 201 1200 .‘
215 1119 341 1204 Pyrrho,
352 1134 478 1203 utraque
490 1143 551 1185 non
560 1133 625 1185 tarn
637 1121 724 1184 clade
734 1121 868 1201 infamis,
877 1127 969 1203 qu'am
979 1142 1089 1205 pavore
1101 1142 1136 1183 ac
1146 1120 1231 1203 fuga,

189 1205 200 1240 ‘
214 1207 393 1291 pugnafuit.
419 1206 594 1271 Cannenses
605 1228 732 1291 campos
741 1208 838 1271 acervi
852 1206 1059 1270 Romanorum
1071 1228 1231 1290 corporum

189 1293 200 1326 ‘
215 1305 342 1376 tegunt:
359 1315 416 1357 nec
427 1315 618 1377 supersumus
629 1315 748 1378 pugna,
763 1294 820 1357 nisi
838 1294 989 1377 inquibus
1000 1292 1187 1357 trucidandis
1199 1304 1232 1357 et

180 1379 201 1442 t‘
215 1379 325 1443 sermm
336 1381 453 1445 etvires
461 1382 583 1445 bostem
594 1380 780 1445 deiecerunt.
802 1378 881 1443 Sunt
891 1381 983 1443 etiarn
994 1381 1032 1442 de
1043 1379 1232 1461 nostrisqui-

189 1466 201 1500 ‘
216 1466 300 1546 dam,
315 1468 366 1549 qui
378 1488 416 1529 ne
427 1468 459 1529 in
471 1468 537 1529 acie
547 1467 670 1549 quidem
685 1466 879 1549 refugerunt:
896 1468 961 1545 sed,
975 1466 1114 1550 prasidio
1125 1465 1233 1529 castris

189 1552 201 1585 ‘
215 1554 326 1633 relicti,
335 1574 428 1635 quum
439 1564 540 1615 castra
550 1552 751 1631 traderentur,
760 1554 791 1614 in
804 1564 987 1635 potestatem
996 1554 1128 1616 hostium
1139 1572 1233 1615 vene

189 1638 297 1701 ‘runt
327 1636 420 1701 Haud
431 1639 571 1721 equidem
582 1638 671 1701 ullius
683 1640 755 1701 civis
766 1650 800 1701 ct
811 1639 1026 1702 commilitonis
1041 1639 1168 1701 fortunae
1179 1648 1235 1703 aut

191 1723 204 1756 ‘
218 1723 389 1786 conditioni
399 1724 531 1802 invideo,
547 1745 605 1785 nec
619 1723 786 1807 premendo
801 1725 892 1787 alium
903 1746 953 1787 me
969 1725 1112 1786 extulisse
1121 1724 1234 1786 velim:

184 1807 204 1875 .‘
219 1830 259 1871 ne
270 1809 313 1870 illi
325 1808 459 1891 quidem,
471 1808 542 1891 (nisi
550 1810 739 1893 pernicitatis
749 1809 862 1892 pedum
871 1822 903 1871 et
912 1830 1014 1871 cursus
1023 1810 1146 1891 aliquod
1158 1830 1236 1892 pre-

192 1895 313 1957 ‘mium
326 1894 384 1975 est)
402 1896 452 1979 qui
467 1896 603 1978 plerique
617 1896 748 1958 inermes
763 1916 804 1957 ex
814 1896 879 1957 acie
892 1894 1042 1979 fugientes
1056 1916 1119 1957 non
1139 1896 1236 1979 prius,

183 1980 204 2049 ,‘
217 2002 308 2065 quarn
319 1979 459 2043 Venusia
470 1993 524 2046 aut
533 1980 669 2060 Canusii,
678 1982 891 2060 constiterunt,
902 2003 934 2043 se
944 1982 1031 2044 nobis
1041 1981 1236 2064 meritoprae-

171 2120 175 2128 .
196 2067 208 2101 ‘
222 2067 359 2145 tulerint,
370 2067 550 2150 gloriatique
563 2068 635 2147 sint,
647 2068 679 2129 in
693 2090 727 2130 se
744 2067 823 2150 plus,
835 2089 926 2149 quam
940 2068 972 2129 in
987 2068 1085 2147 nobis,
1105 2066 1236 2149 praesidii

194 2152 207 2187 ‘
219 2153 392 2237 reipublice
400 2175 476 2216 esse.
509 2151 604 2215 ”Sed
616 2154 675 2215 illis
686 2165 718 2216 et
727 2154 815 2216 bonis
827 2174 863 2215 ac
875 2154 1002 2216 fortibus
1012 2154 1157 2217 militibus
1167 2164 1237 2216 ute-

194 2238 206 2274 ‘
220 2240 315 2303 mini:
330 2252 363 2303 et
374 2240 462 2302 nobis
471 2240 564 2303 etiarn
575 2241 792 2324 promtioribus
802 2263 858 2324 pro
871 2240 980 2324 patria,
992 2239 1075 2323 quod
1088 2238 1238 2302 beneficio

194 2326 206 2360 ‘
219 2338 318 2389 restro
329 2326 459 2390 redemti
471 2338 563 2409 atque
571 2326 603 2389 in
615 2327 746 2411 patriam
757 2328 888 2392 restituti
898 2326 1053 2389 fuerimus.
1073 2324 1238 2389 Deiectum

195 2410 209 2445 ‘
222 2433 261 2475 ex
270 2413 355 2475 omni
365 2426 454 2479 atate
464 2410 497 2476 et
506 2413 629 2477 fortuua'
640 2414 780 2477 habetis:
796 2426 868 2477 octo
877 2414 1134 2477 milliaservorum
1146 2412 1238 2475 audio

196 2498 342 2562 ‘armari
353 2521 415 2562 non
426 2501 524 2563 minor
538 2522 680 2563 numerus
691 2510 796 2563 noster
811 2512 869 2581 est,
886 2522 943 2565 nec
952 2499 1068 2584 majore
1079 2498 1178 2583 pretio
1188 2520 1235 2561 re-

182 2584 207 2656 ,‘
223 2586 298 2649 dimi
312 2609 483 2671 possumus,
492 2608 583 2670 quarn
594 2588 627 2650 hi
636 2601 786 2652 emuntur.
802 2610 873 2652 nam
888 2587 913 2651 si
928 2588 1084 2652 conferam
1096 2609 1152 2651 nos
1168 2607 1239 2650 curn

195 2671 291 2753 ‘illis,
309 2672 450 2756 iujuriam
468 2675 584 2738 nomini
602 2674 744 2738 Romano
759 2675 881 2739 faciam.
926 2674 1005 2738 Illud
1025 2677 1119 2739 etiarn
1137 2675 1167 2736 in
1183 2674 1239 2738 tali

184 2759 206 2818 .‘
220 2761 348 2823 consilio
367 2761 668 2825 animadvertendum
679 2762 765 2825 vobis
777 2783 930 2841 censeam,
945 2761 1051 2825 Patres
1063 2761 1240 2846 conscripti,

196 2845 208 2878 ‘
224 2847 264 2927 (si
276 2860 379 2910 tamen
391 2848 525 2912 duriores
537 2870 602 2912 esse
611 2850 722 2927 velitis,
733 2849 909 2932 quoduullo
920 2860 1025 2912 nostro
1040 2849 1150 2912 merito
1161 2845 1244 2912 faci·'

196 2931 208 2965 ‘
221 2933 292 3013 atis)
307 2935 356 2997 cui
368 2956 423 2997 nos
435 2935 515 2999 hosti
526 2935 658 3000 relicturi
676 2935 754 2999 sitis.
798 2935 944 3021 ⁹⁹Pyrrho
954 2935 1108 3016 videlicet,
1119 2935 1171 3018 qui
1183 2956 1240 3000 noa

195 3017 209 3050 ‘
224 3020 378 3101 hospitum
390 3043 515 3084 numero
524 3022 633 3086 habuit
647 3023 796 3106 captivos,
812 3044 851 3084 an
868 3022 997 3084 barbaro
1011 3044 1046 3086 ac
1056 3021 1151 3086 Poeno
1159 3045 1171 3102 ;
1188 3023 1240 3106 qui

151 3172 158 3187 .
195 3103 325 3166 ‘utrum
344 3107 473 3184 avamor,
492 3128 531 3169 an
550 3108 713 3186 crudelior,
733 3109 784 3185 sit,
805 3107 857 3169 vix
872 3107 1039 3170 existimari
1050 3121 1163 3190 potest.
1207 3105 1241 3171 Si

196 3188 355 3254 ‘rideatis
371 3196 380 3230 ¹
394 3204 530 3271 catenas,
547 3195 729 3276 squalorem,
747 3191 992 3260 deformitatem·
1008 3192 1117 3258 civium
1125 3206 1242 3260 vestro-

186 3274 210 3344 ,‘
226 3296 305 3354 rum,
327 3298 388 3338 non
399 3279 497 3340 minus
509 3279 647 3360 profecto
657 3301 710 3342 vos
724 3301 762 3343 ea
779 3282 895 3364 species
911 3297 1042 3363 moveat,
1063 3303 1154 3366 quam
1165 3283 1191 3346 si
1202 3303 1243 3346 ex

199 3360 325 3424 ‘altera
343 3375 431 3445 parte
453 3367 583 3427 cernatis
605 3379 716 3430 stratas
740 3365 950 3435 Cannensibus
971 3370 1087 3454 campis
1107 3370 1243 3453 legiones

200 3446 211 3480 ‘
225 3459 349 3510 vestras.
395 3447 508 3512 lntueri
520 3453 649 3535 potestis
661 3453 894 3520 sollicitudinem
908 3469 941 3521 et
954 3457 1095 3520 lacrimas
1106 3457 1138 3520 in
1148 3456 1244 3520 vesti·

196 3532 209 3568 ‘
223 3533 295 3596 bulo
306 3535 396 3601 curiae
409 3537 555 3603 stautiutu
566 3553 767 3624 cognatorum
781 3555 967 3623 nostronrm,
982 3543 1243 3628 exspectantium·

391 3651 569 3702 lumem.
745 3653 963 3726 'dffmmuucnqut
972 3655 1048 3712 Grau.

227 3729 702 3812 “OPqtmsoqtrnrJSicolimeditimttrea
764 3739 787 3775 ⁹⁸
803 3739 1178 3824 Scdillinflleperddctillis.
1236 3813 1239 3816 Ι

192 3797 702 3938 immitissimas
732 3803 1242 3939 nmina*

196 3925 491 4006 nommanabdreqrcrelint.
518 3928 703 3993 Nonbeaserqo
733 3932 788 3996 poui
809 3948 855 3995 aar,
877 3935 900 3982 ld
923 3948 968 3996 cat,
995 3953 1020 3987 ca
1047 3939 1094 3988 'ros
1115 3939 1240 4005 Romus,

197 3987 704 4126 Qufflffffmm]
734 3996 816 4110 ἓῖιιιῗι
833 4013 981 4126 lidii.
996 4045 1075 4118 'aaa
1089 4001 1242 4130 isinum&

194 4119 369 4184 Adl’yrrbuaq
386 4122 427 4185 qui
443 4137 457 4170 s
471 4122 604 4174 Tarentinis
619 4125 702 4176 inlu·
731 4126 1033 4191 &bruistemium

195 4184 545 4303 mmm*
555 4191 681 4304 ill*
746 4192 775 4272 -3
793 4191 895 4256 Μ’
1042 4229 1061 4276 ’·
1076 4197 1241 4278 fimf*

492 4270 541 4305 un
577 4271 619 4319 yn
729 4267 938 4306 mmmm
973 4259 1026 4312 lloc
1040 4264 1134 4312 madia
1148 4264 1240 4314 mura

193 4313 283 4390 ηιμ]
299 4313 472 4370 ὓιοιινίαω
487 4319 703 4401 mallianum
733 4323 766 4372 sic
782 4322 894 4386 prunum
909 4337 951 4400 per
965 4327 1099 4402 auduom
1115 4343 1192 4408 mara,
1211 4339 1241 4380 nt

196 4383 702 4515 waifarii-5²⁹&
724 4387 1240 4517 fflrt‘iffl‘fflfflii

198 4506 338 4594 mrbnept.
659 4547 663 4555 ι
731 4519 954 4585 quaesamus,
1103 4560 1109 4572 .
