3092 5200
321 337 382 394 380
650 369 654 380 ·
731 331 815 396 'llTi
836 327 957 394 mvn·

851 435 856 444 ι

155 483 294 542 ΜΔΕ.
322 485 471 550 consensu
494 488 594 554 elatus
622 479 661 551 ad
682 487 800 571 justum
822 489 963 552 fiduciam
985 479 1045 574 sui,
1075 479 1138 550 sem
1151 481 1368 550 'intermissum

155 553 296 608 ΜΨ·
323 563 515 656 permultos
539 594 633 653 annos
654 578 694 638 ob
718 565 937 658 indignitatem
954 575 1111 637 deminum
1124 575 1259 657 priorum
1273 595 1364 658 repe·

322 661 403 737 tivit,
424 671 458 761 ut
473 663 505 724 in
519 663 658 724 senatum
674 663 824 724 introiret.
869 661 1042 743 lngroesum
1055 679 1125 722 eum
1140 662 1254 722 cunam
1269 681 1363 742 quum

154 817 298 896 sm
321 745 551 896 illurn
575 746 1364 916 euntsustinuissent

155 884 293 1014 ffiffi,
322 940 392 982 cum
408 925 482 1002 tege
495 932 654 1003 pretextu,
668 931 700 984 ct
714 921 790 982 sella
803 922 910 998 curuli,
929 923 957 959 ⁴⁰
968 929 1001 982 et
1014 919 1150 981 flaminio
1165 939 1241 982 esse.
1283 917 1363 982 Pre-

155 1013 226 1066 d'uur.
321 1019 382 1086 tor,
406 1027 468 1068 non
491 1008 619 1070 exoletis
638 1017 788 1070 vetustate
803 1009 957 1070 menalium
971 1005 1120 1087 exemplis
1133 1003 1286 1086 stamius,
1307 1007 1364 1068 sed

321 1093 536 1155 recentissimus
555 1092 699 1176 cujusque
724 1095 950 1156 consuetudinis
975 1086 1048 1170 usu,
1066 1092 1210 1153 volebat:
1232 1111 1290 1153 nec
1304 1113 1362 1175 ps·

322 1189 413 1258 utrm,
435 1199 492 1240 uec
507 1199 631 1241 unorum
647 1181 794 1241 memoria
807 1179 929 1242 Dialem
952 1197 1135 1260 quemquam
1159 1179 1192 1240 id
1206 1176 1259 1259 jus
1275 1199 1363 1240 usm-

211 1341 213 1346 .
321 1285 420 1347 passe.
461 1264 599 1343 Tribuni,
621 1287 685 1328 rem
700 1267 811 1330 inertis
826 1267 981 1328 flaminum
995 1265 1190 1327 obliteratam
1204 1261 1362 1347 ipsiquon

322 1351 506 1431 sacerdotio,
530 1353 642 1436 dumne
657 1352 758 1433 luisse,
783 1373 875 1436 quum
890 1373 1007 1434 aeqnum
1021 1352 1220 1433 censuissent,
1240 1370 1280 1412 ne
1293 1348 1361 1434 ipso

322 1437 445 1518 quidem
471 1450 579 1501 contre
601 1439 745 1502 tendente
774 1452 913 1524 pretore,
944 1457 1057 1519 magno
1083 1437 1213 1499 miserm
1238 1435 1358 1499 Patmm
1453 1509 1457 1514 ¹

322 1523 489 1606 plebisque,
523 1524 676 1587 flaminem
702 1526 734 1587 in
764 1538 904 1589 senatum
933 1525 1192 1602 introduxenmt3
1215 1525 1361 1584 'omuibus

226 1685 227 1688 Ἴ
323 1609 368 1672 its
390 1611 645 1691 existimantibus,
667 1613 765 1696 magis
792 1614 955 1676 sanctitate
978 1612 1059 1689 vitre,
1081 1630 1174 1692 quam
1200 1610 1358 1672 sacerdotii

318 1694 397 1776 jure,
419 1717 482 1758 rem
505 1719 573 1760 earn
601 1699 753 1762 flaminem
776 1690 951 1761 obtinuisse.
994 1696 1141 1760 Consules
1157 1694 1248 1780 priua,
1270 1715 1361 1777 quam

321 1782 354 1844 in
368 1785 537 1866 provincias
552 1786 644 1863 irent,
662 1789 688 1826 ⁴¹
700 1786 775 1848 dum
796 1787 926 1846 urbanus
940 1784 1096 1866 legiones3
1119 1784 1153 1844 in
1166 1776 1361 1867 supplemen-

322 1879 568 1958 tum,¹qusntnm
594 1891 669 1955 opus
694 1884 760 1934 crat
779 1873 890 1934 ceteris
904 1870 1087 1933 exercitibus
1101 1869 1240 1947 milimm,
1261 1870 1361 1952 serip-

322 1970 436 2022 serunt.
491 1956 650 2021 Urbanum
675 1973 809 2020 veterem
838 1957 1005 2020 exercitum
1036 1954 1157 2018 Fulvius
1185 1956 1286 2017 consul
1320 1955 1358 2016 C.

322 2043 427 2108 lbtlvio
442 2044 554 2108 llucco
568 2041 671 2127 legem
697 2043 802 2123 (freter
826 2045 877 2106 hic
900 2042 1033 2105 consulis
1058 2042 1135 2122 erut)
1158 2042 1189 2103 in
1205 2039 1357 2104 Etruriam

323 2131 410 2195 dedit
423 2132 604 2208 ducendum,
626 2141 659 2192 et
682 2130 828 2213 legiones,
849 2149 915 2212 quse
929 2131 961 2191 in
975 2125 1095 2191 Etruria
1107 2139 1203 2205 erant,
1224 2127 1356 2189 Romam

322 2217 525 2280 deducendes.
571 2215 612 2278 Et
626 2215 736 2280 Fabius
757 2217 864 2279 consul
886 2216 1032 2298 reliquias
1052 2215 1196 2276 exercitus
1220 2212 1359 2275 Fulviani

319 2301 876 2460 3⁰¹¹‘llllnlltnttttt‘t
889 2301 1127 2450 ¹¹i¹¹1ili⁰iiti
1134 2299 1360 2448 pem

319 2476 530 2559 proconsulem
551 2474 664 2558 jussit:
695 2487 788 2558 atquc
811 2477 851 2537 ab
876 2497 914 2537 eo
940 2475 1015 2536 duas
1041 2473 1176 2555 legiones
1189 2484 1223 2534 et
1235 2472 1361 2553 triginta

320 2563 550 2647 quinqueremes
575 2563 722 2646 accipere.
765 2559 851 2624 Nihil
876 2562 922 2624 lroe
947 2560 1064 2623 eductu
1087 2581 1127 2621 ex
1150 2558 1249 2622 insule
1263 2559 1359 2641 legio·

319 2670 382 2712 nes-
398 2651 571 2712 minuernnt
594 2670 650 2711 nec
670 2650 783 2713 viribus
806 2668 864 2710 nec
889 2649 990 2731 specie
1004 2645 1069 2729 ejus
1082 2643 1244 2729 prouinciis
1257 2648 1359 2729 prusi-

321 2735 414 2798 dium.
440 2756 513 2797 nem
540 2756 644 2817 quum,
669 2746 778 2818 praeter
791 2736 912 2817 egregie
925 2734 1080 2817 suppletus
1093 2733 1171 2795 duas
1184 2744 1300 2795 veteres
1313 2734 1367 2795 le-·

318 2822 435 2902 giones,
451 2821 674 2903 transfugarum
686 2823 784 2884 etiam
799 2819 1000 2885 Numidarum
1010 2820 1148 2901 equitum
1161 2820 1358 2902 peditumque

318 2926 462 2989 magnam
475 2908 537 2969 vim
552 2909 689 2987 baberet,
704 2906 823 2970 Siculos
837 2927 968 2989 quoque,
981 2907 1032 2989 qui
1047 2907 1080 2968 in
1095 2907 1233 2969 exercitu
1244 2905 1357 2991 llpicy-

318 2993 365 3055 dis
381 3006 434 3058 aut
449 2992 610 3057 Poenorum
625 2994 756 3073 sueram,
780 2994 851 3056 belli
865 2995 978 3076 peritos
991 2993 1082 3070 viros,
1097 2992 1209 3055 milites
1223 2994 1356 3076 scripsit.

318 3077 365 3141 Ea
379 3092 507 3145 externe
521 3081 634 3143 auxilie
647 3100 741 3162 quum
755 3080 882 3163 singulis
897 3078 1042 3143 Romanis
1065 3079 1235 3161 legionibus
1247 3079 1367 3162 sujum--

318 3166 423 3245 sisset,
445 3166 573 3229 duorum
595 3168 730 3249 speciem
750 3169 938 3229 exercituum
953 3165 1097 3228 seruauit:
1120 3165 1218 3227 altero
1232 3164 1267 3227 Ia.
1281 3165 1358 3227 Cin·

318 3254 398 3315 cinm
412 3264 531 3336 purtem
546 3254 660 3331 insulse,
682 3252 883 3337 qussegnum
907 3250 1049 3315 Hieronis
1067 3251 1177 3329 furerat,
1198 3252 1276 3315 tueri
1291 3252 1359 3335 jus-

319 3340 359 3401 sit
369 3362 380 3418 3
403 3340 497 3405 altero
512 3340 577 3423 ipsc
601 3342 628 3379 ⁴¹
640 3351 776 3404 ceteram
799 3340 929 3405 insulam
944 3339 1095 3417 tuebatur,
1117 3338 1244 3402 divisam
1258 3358 1359 3421 quon·

349 3600 372 3636 ³⁹
388 3599 418 3651 L.
436 3597 547 3667 Licinius]
569 3599 674 3663 Sigonius
691 3603 736 3665 legi
754 3602 823 3669 jubes
853 3605 991 3671 stupuerunt
1001 3621 1056 3655 eum
1066 3619 1188 3655 numerum
1203 3604 1302 3653 miluom
1318 3608 1360 3668 qul

320 3664 350 3716 Ρ.
361 3664 475 3717 Licialsn:
491 3676 515 3714 er
533 3668 627 3727 marito,
639 3670 659 3715 si
675 3686 712 3719 res
731 3670 760 3719 ds
777 3687 823 3734 qus
852 3670 1178 3737 illtseserciribasopusersr.
1205 3670 1234 3719 ln
1244 3670 1359 3734 pler'nqus

318 3730 356 3779 hic
371 3732 455 3791 egitur,
472 3732 606 3795 insequente
617 3748 677 3783 suno
696 3746 765 3799 gesta,
779 3747 824 3785 est.
855 3736 922 3784 editis
942 3735 980 3785 bic
1000 3735 1063 3784 locrus
1090 3736 1148 3783 nnis
1175 3735 1360 3799 interpunctione

318 3793 373 3843 vit.
394 3795 460 3872 inira,
479 3812 546 3871 ¹cupp-
566 3798 606 3849 21.
625 3810 651 3848 st
668 3802 709 3851 22.
730 3803 824 3850 numius
854 3800 950 3858 lsborss,
959 3817 1011 3864 quse
1021 3815 1117 3879 sensum
1127 3816 1220 3849 omnem
1230 3801 1348 3878 pervent.

318 3860 637 3989 pmii⁰iiiiiiiiiliiidf„lieleri
649 3927 725 3993 jubet,
738 3944 763 3977 sc
775 3946 824 3979 me·
854 3864 1201 3995 mmmm&
1210 3866 1360 3993 inpediufiff

318 3986 371 4047 rito,
387 3992 519 4052 Gronovius
538 3994 640 4043 murm
656 4002 685 4043 st.
718 3992 822 4045 couren-
854 3994 1182 4059 bus10umdonsmlEtenim
1193 3996 1356 4059 sursprirnum

318 4052 386 4102 dsbst
399 4054 491 4105 llurcus
500 4058 577 4107 datam
588 4058 612 4109 id
622 4074 663 4109 sus
670 4056 785 4121 stantib,
799 4060 823 4109 id
855 4060 969 4111 Punicum
981 4059 1066 4109 bellom
1078 4060 1161 4110 initum
1174 4061 1231 4109 nibil
1244 4061 1269 4107 in
1279 4059 1358 4108 Sicilia

318 4128 363 4179 est,
377 4122 504 4169 sacerdotio
514 4122 573 4187 quod
590 4124 692 4187 gerebat,
706 4140 756 4173 cnm
773 4133 823 4190 tuga
854 4126 997 4238 possidebant
1007 4124 1124 4184 Romani3
1139 4126 1205 4175 finito
1214 4126 1303 4181 eodem
1317 4124 1356 4173 ui·

315 4190 421 4241 pruteno
430 4196 451 4233 et
459 4187 512 4233 sella
522 4188 605 4240 curuli.
872 4191 888 4238 il
903 4188 953 4254 jsm
971 4192 995 4239 in
1011 4206 1039 4237 es
1055 4190 1129 4239 ln'suls
1144 4190 1245 4239 habuere
1258 4189 1357 4238 canlw

349 4246 371 4278 ¹¹
389 4246 556 4300 Damus-ianas
572 4253 680 4319 leginmf
698 4255 723 4299 ln
737 4254 823 4317 supple·
852 4254 976 4316 ginienses.
1001 4254 1216 4319 ltaquehntdiu'‘
1251 4256 1358 4305 silatum

317 4312 426 4386 mlum]
435 4312 500 4362 Duas
510 4316 610 4379 legiones
618 4318 822 4385 aspectuum
852 4320 934 4369 babuit
954 4335 1064 4383 unquam,
1087 4321 1117 4369 sd
1135 4322 1208 4371 solum
1262 4320 1289 4369 lli
1308 4320 1359 4371 Pu.

317 4374 423 4434 prandio
441 4378 491 4425 urbi
510 4392 605 4431 esseut:
630 4395 654 4431 et
669 4393 779 4446 preterea
798 4385 823 4435 'ur
854 4384 1075 4458 uiciprimitempus
1084 4386 1292 4453 peniucreponit.

318 4434 500 4503 supplementur
521 4457 650 4499 ceterorum
669 4448 822 4513 exercituum,
