<?xml version="1.0" encoding="UTF-8"?>
<!DOCTYPE html PUBLIC "-//W3C//DTD XHTML 1.0 Transitional//EN"
    "http://www.w3.org/TR/xhtml1/DTD/xhtml1-transitional.dtd">
<html xmlns="http://www.w3.org/1999/xhtml" xml:lang="en" lang="en">
 <head>
  <title>
</title>
<meta http-equiv="Content-Type" content="text/html;charset=utf-8" />
  <meta name='ocr-system' content='tesseract 3.04.00' />
  <meta name='ocr-capabilities' content='ocr_page ocr_carea ocr_par ocr_line ocrx_word'/>
</head>
<body>
  <div class='ocr_page' id='page_1' title='image "./tliviipatavinih01grongoog_0126.png"; bbox 0 0 3092 5200; ppageno 0'>
   <div class='ocr_carea' id='block_1_1' title="bbox 312 272 996 333">
    <p class='ocr_par' dir='ltr' id='par_1_1' title="bbox 312 272 996 333">
     <span class='ocr_line' id='line_1_1' title="bbox 312 272 996 333; baseline -0.004 -1"><span class='ocrx_word' id='word_1_1' title='bbox 312 277 371 333; x_wconf 70' lang='lat' dir='ltr'>iio</span> <span class='ocrx_word' id='word_1_2' title='bbox 736 272 821 333; x_wconf 76' lang='lat' dir='ltr'>Tm</span> <span class='ocrx_word' id='word_1_3' title='bbox 839 272 953 333; x_wconf 63' lang='lat' dir='ltr'>mvn,</span> <span class='ocrx_word' id='word_1_4' title='bbox 986 314 996 329; x_wconf 47' lang='lat' dir='ltr'>t</span> 
     </span>
    </p>
   </div>
   <div class='ocr_carea' id='block_1_2' title="bbox 78 423 1370 3766">
    <p class='ocr_par' dir='ltr' id='par_1_2' title="bbox 144 423 1358 851">
     <span class='ocr_line' id='line_1_2' title="bbox 144 423 1357 507; baseline 0.001 -25"><span class='ocrx_word' id='word_1_5' title='bbox 144 428 287 482; x_wconf 54' lang='lat' dir='ltr'>itemst</span> <span class='ocrx_word' id='word_1_6' title='bbox 310 442 403 506; x_wconf 80' lang='lat' dir='ltr'>quam</span> <span class='ocrx_word' id='word_1_7' title='bbox 428 423 535 506; x_wconf 78' lang='lat' dir='ltr'>reliqui</span> <span class='ocrx_word' id='word_1_8' title='bbox 557 435 636 501; x_wconf 88' lang='lat' dir='ltr'>erat,</span> <span class='ocrx_word' id='word_1_9' title='bbox 657 425 742 487; x_wconf 87' lang='lat' dir='ltr'>omui</span> <span class='ocrx_word' id='word_1_10' title='bbox 764 424 899 506; x_wconf 87' lang='lat' dir='ltr'>undique</span> <span class='ocrx_word' id='word_1_11' title='bbox 914 424 1077 502; x_wconf 78' lang='lat' dir='ltr'>frumento,</span> <span class='ocrx_word' id='word_1_12' title='bbox 1100 432 1261 507; x_wconf 78' lang='lat' dir='ltr'>postquem</span> <span class='ocrx_word' id='word_1_13' title='bbox 1285 438 1357 502; x_wconf 80' lang='lat' dir='ltr'>ager</span> 
     </span>
     <span class='ocr_line' id='line_1_3' title="bbox 145 495 1356 593; baseline -0.002 -22"><span class='ocrx_word' id='word_1_14' title='bbox 145 495 214 545; x_wconf 71' lang='lat'><strong>‘⁴⁰⁰⁰</strong></span> <span class='ocrx_word' id='word_1_15' title='bbox 225 495 281 545; x_wconf 79' lang='lat'><strong>²¹⁶·</strong></span> <span class='ocrx_word' id='word_1_16' title='bbox 312 530 419 593; x_wconf 83' lang='lat' dir='ltr'>parum</span> <span class='ocrx_word' id='word_1_17' title='bbox 435 521 518 573; x_wconf 83' lang='lat' dir='ltr'>tutus</span> <span class='ocrx_word' id='word_1_18' title='bbox 531 523 609 588; x_wconf 87' lang='lat' dir='ltr'>erat,</span> <span class='ocrx_word' id='word_1_19' title='bbox 633 512 665 571; x_wconf 86' lang='lat' dir='ltr'>in</span> <span class='ocrx_word' id='word_1_20' title='bbox 687 512 775 573; x_wconf 85' lang='lat' dir='ltr'>urbes</span> <span class='ocrx_word' id='word_1_21' title='bbox 791 512 924 573; x_wconf 78' lang='lat' dir='ltr'>rnurritas</span> <span class='ocrx_word' id='word_1_22' title='bbox 944 514 1112 571; x_wconf 78' lang='lat' dir='ltr'>coruvecto:</span> <span class='ocrx_word' id='word_1_23' title='bbox 1135 508 1234 571; x_wconf 83' lang='lat' dir='ltr'>utrix</span> <span class='ocrx_word' id='word_1_24' title='bbox 1248 506 1356 569; x_wconf 88' lang='lat' dir='ltr'>decem</span> 
     </span>
     <span class='ocr_line' id='line_1_4' title="bbox 313 594 1358 679; baseline -0.004 -22"><span class='ocrx_word' id='word_1_25' title='bbox 313 594 431 657; x_wconf 88' lang='lat' dir='ltr'>dierum</span> <span class='ocrx_word' id='word_1_26' title='bbox 448 594 544 679; x_wconf 83' lang='lat' dir='ltr'>(quod</span> <span class='ocrx_word' id='word_1_27' title='bbox 558 608 750 678; x_wconf 87' lang='lat' dir='ltr'>compertum</span> <span class='ocrx_word' id='word_1_28' title='bbox 764 608 871 679; x_wconf 84' lang='lat' dir='ltr'>postea</span> <span class='ocrx_word' id='word_1_29' title='bbox 889 596 948 673; x_wconf 86' lang='lat' dir='ltr'>est)</span> <span class='ocrx_word' id='word_1_30' title='bbox 973 595 1157 658; x_wconf 82' lang='lat' dir='ltr'>frumentum</span> <span class='ocrx_word' id='word_1_31' title='bbox 1175 603 1358 675; x_wconf 80' lang='lat' dir='ltr'>superesset,</span> 
     </span>
     <span class='ocr_line' id='line_1_5' title="bbox 313 678 1357 765; baseline -0.001 -23"><span class='ocrx_word' id='word_1_32' title='bbox 313 678 582 764; x_wconf 76' lang='lat' dir='ltr'>Hispanorumque</span> <span class='ocrx_word' id='word_1_33' title='bbox 595 682 637 743; x_wconf 94' lang='lat' dir='ltr'>ob</span> <span class='ocrx_word' id='word_1_34' title='bbox 649 682 786 765; x_wconf 83' lang='lat' dir='ltr'>inopiam</span> <span class='ocrx_word' id='word_1_35' title='bbox 799 682 938 744; x_wconf 86' lang='lat' dir='ltr'>transitio</span> <span class='ocrx_word' id='word_1_36' title='bbox 952 690 1060 763; x_wconf 85' lang='lat' dir='ltr'>parata</span> <span class='ocrx_word' id='word_1_37' title='bbox 1073 681 1174 758; x_wconf 77' lang='lat' dir='ltr'>fuerit,</span> <span class='ocrx_word' id='word_1_38' title='bbox 1189 681 1214 741; x_wconf 88' lang='lat' dir='ltr'>si</span> <span class='ocrx_word' id='word_1_39' title='bbox 1230 680 1357 741; x_wconf 84' lang='lat' dir='ltr'>maturi-</span> 
     </span>
     <span class='ocr_line' id='line_1_6' title="bbox 312 767 1112 851; baseline 0 -22"><span class='ocrx_word' id='word_1_40' title='bbox 312 779 361 829; x_wconf 80' lang='lat' dir='ltr'>trs</span> <span class='ocrx_word' id='word_1_41' title='bbox 376 779 548 849; x_wconf 88' lang='lat' dir='ltr'>temporum</span> <span class='ocrx_word' id='word_1_42' title='bbox 562 778 740 851; x_wconf 85' lang='lat' dir='ltr'>exspectata</span> <span class='ocrx_word' id='word_1_43' title='bbox 753 767 843 831; x_wconf 82' lang='lat' dir='ltr'>foret.</span> <span class='ocrx_word' id='word_1_44' title='bbox 1110 778 1112 781; x_wconf 82' lang='grc'><strong>’</strong></span> 
     </span>
    </p>

    <p class='ocr_par' dir='ltr' id='par_1_3' title="bbox 78 850 1364 2911">
     <span class='ocr_line' id='line_1_7' title="bbox 355 850 1357 936; baseline 0.005 -23"><span class='ocrx_word' id='word_1_45' title='bbox 355 850 595 915; x_wconf 81' lang='lat' dir='ltr'>XLLCeterum</span> <span class='ocrx_word' id='word_1_46' title='bbox 602 853 767 915; x_wconf 82' lang='lat' dir='ltr'>temeritati</span> <span class='ocrx_word' id='word_1_47' title='bbox 776 853 908 915; x_wconf 87' lang='lat' dir='ltr'>consulis</span> <span class='ocrx_word' id='word_1_48' title='bbox 918 874 953 915; x_wconf 85' lang='lat' dir='ltr'>ac</span> <span class='ocrx_word' id='word_1_49' title='bbox 964 872 1154 936; x_wconf 70' lang='lat' dir='ltr'>prepropero</span> <span class='ocrx_word' id='word_1_50' title='bbox 1162 854 1357 935; x_wconf 84' lang='lat' dir='ltr'>ingenioma·</span> 
     </span>
     <span class='ocr_line' id='line_1_8' title="bbox 313 938 1358 1021; baseline 0.002 -22"><span class='ocrx_word' id='word_1_51' title='bbox 313 939 423 999; x_wconf 82' lang='lat' dir='ltr'>teriam</span> <span class='ocrx_word' id='word_1_52' title='bbox 434 940 528 1001; x_wconf 85' lang='lat' dir='ltr'>etiam</span> <span class='ocrx_word' id='word_1_53' title='bbox 542 939 666 1001; x_wconf 77' lang='lat' dir='ltr'>fortuna</span> <span class='ocrx_word' id='word_1_54' title='bbox 674 938 778 1001; x_wconf 85' lang='lat' dir='ltr'>dedit:</span> <span class='ocrx_word' id='word_1_55' title='bbox 799 939 880 1021; x_wconf 91' lang='lat' dir='ltr'>quod</span> <span class='ocrx_word' id='word_1_56' title='bbox 890 939 922 999; x_wconf 92' lang='lat' dir='ltr'>in</span> <span class='ocrx_word' id='word_1_57' title='bbox 934 940 1130 1021; x_wconf 81' lang='lat' dir='ltr'>prohibendis</span> <span class='ocrx_word' id='word_1_58' title='bbox 1142 942 1358 1021; x_wconf 74' lang='lat' dir='ltr'>predatoribus</span> 
     </span>
     <span class='ocr_line' id='line_1_9' title="bbox 314 1024 1358 1108; baseline 0.004 -23"><span class='ocrx_word' id='word_1_59' title='bbox 314 1024 511 1101; x_wconf 84' lang='lat' dir='ltr'>tumnlmario</span> <span class='ocrx_word' id='word_1_60' title='bbox 525 1025 643 1107; x_wconf 88' lang='lat' dir='ltr'>proelio,</span> <span class='ocrx_word' id='word_1_61' title='bbox 658 1045 693 1085; x_wconf 90' lang='lat' dir='ltr'>ac</span> <span class='ocrx_word' id='word_1_62' title='bbox 709 1044 853 1107; x_wconf 89' lang='lat' dir='ltr'>procursu</span> <span class='ocrx_word' id='word_1_63' title='bbox 865 1026 962 1106; x_wconf 82' lang='lat' dir='ltr'>magis</span> <span class='ocrx_word' id='word_1_64' title='bbox 975 1024 1117 1102; x_wconf 89' lang='lat' dir='ltr'>militum,</span> <span class='ocrx_word' id='word_1_65' title='bbox 1129 1046 1220 1105; x_wconf 87' lang='lat' dir='ltr'>quam</span> <span class='ocrx_word' id='word_1_66' title='bbox 1233 1048 1272 1089; x_wconf 86' lang='lat' dir='ltr'>ex</span> <span class='ocrx_word' id='word_1_67' title='bbox 1281 1047 1358 1108; x_wconf 78' lang='lat' dir='ltr'>prm-</span> 
     </span>
     <span class='ocr_line' id='line_1_10' title="bbox 314 1110 1359 1194; baseline 0.004 -23"><span class='ocrx_word' id='word_1_68' title='bbox 314 1121 424 1190; x_wconf 87' lang='lat' dir='ltr'>parato</span> <span class='ocrx_word' id='word_1_69' title='bbox 438 1123 492 1173; x_wconf 85' lang='lat' dir='ltr'>aut</span> <span class='ocrx_word' id='word_1_70' title='bbox 498 1110 585 1192; x_wconf 84' lang='lat' dir='ltr'>jussu</span> <span class='ocrx_word' id='word_1_71' title='bbox 601 1111 829 1192; x_wconf 88' lang='lat' dir='ltr'>imperatorum,</span> <span class='ocrx_word' id='word_1_72' title='bbox 844 1124 923 1187; x_wconf 93' lang='lat' dir='ltr'>orto,</span> <span class='ocrx_word' id='word_1_73' title='bbox 938 1110 1172 1191; x_wconf 81' lang='lat' dir='ltr'>haudquaquam</span> <span class='ocrx_word' id='word_1_74' title='bbox 1188 1133 1243 1194; x_wconf 89' lang='lat' dir='ltr'>par</span> <span class='ocrx_word' id='word_1_75' title='bbox 1260 1111 1359 1175; x_wconf 82' lang='lat' dir='ltr'>Poenis</span> 
     </span>
     <span class='ocr_line' id='line_1_11' title="bbox 148 1196 1358 1278; baseline -0.001 -18"><span class='ocrx_word' id='word_1_76' title='bbox 148 1210 295 1260; x_wconf 68' lang='lat' dir='ltr'>resonam</span> <span class='ocrx_word' id='word_1_77' title='bbox 316 1196 549 1259; x_wconf 84' lang='lat' dir='ltr'>dimicatio&#39;fuit.</span> <span class='ocrx_word' id='word_1_78' title='bbox 564 1196 605 1259; x_wconf 86' lang='lat' dir='ltr'>ad</span> <span class='ocrx_word' id='word_1_79' title='bbox 619 1196 704 1258; x_wconf 91' lang='lat' dir='ltr'>mille</span> <span class='ocrx_word' id='word_1_80' title='bbox 718 1209 751 1259; x_wconf 89' lang='lat' dir='ltr'>et</span> <span class='ocrx_word' id='word_1_81' title='bbox 765 1197 951 1278; x_wconf 83' lang='lat' dir='ltr'>septingenti</span> <span class='ocrx_word' id='word_1_82' title='bbox 961 1207 975 1235; x_wconf 82' lang='lat'>⁸</span> <span class='ocrx_word' id='word_1_83' title='bbox 990 1197 1069 1273; x_wconf 80' lang='lat' dir='ltr'>caesi,</span> <span class='ocrx_word' id='word_1_84' title='bbox 1081 1216 1143 1257; x_wconf 92' lang='lat' dir='ltr'>non</span> <span class='ocrx_word' id='word_1_85' title='bbox 1155 1197 1223 1277; x_wconf 91' lang='lat' dir='ltr'>plus</span> <span class='ocrx_word' id='word_1_86' title='bbox 1234 1210 1358 1261; x_wconf 87' lang='lat' dir='ltr'>centum</span> 
     </span>
     <span class='ocr_line' id='line_1_12' title="bbox 147 1275 1359 1391; baseline 0 -46"><span class='ocrx_word' id='word_1_87' title='bbox 147 1275 289 1391; x_wconf 32' lang='lat' dir='ltr'>{JKz-¹²·</span> <span class='ocrx_word' id='word_1_88' title='bbox 316 1280 524 1345; x_wconf 85' lang='lat' dir='ltr'>Romanorum</span> <span class='ocrx_word' id='word_1_89' title='bbox 532 1283 741 1364; x_wconf 88' lang='lat' dir='ltr'>sociorumque</span> <span class='ocrx_word' id='word_1_90' title='bbox 752 1283 872 1346; x_wconf 88' lang='lat' dir='ltr'>occisis.</span> <span class='ocrx_word' id='word_1_91' title='bbox 884 1294 1021 1345; x_wconf 88' lang='lat' dir='ltr'>ceterum</span> <span class='ocrx_word' id='word_1_92' title='bbox 1031 1281 1195 1344; x_wconf 85' lang='lat' dir='ltr'>victoribus</span> <span class='ocrx_word' id='word_1_93' title='bbox 1206 1283 1359 1345; x_wconf 85' lang='lat' dir='ltr'>effuscse-</span> 
     </span>
     <span class='ocr_line' id='line_1_13' title="bbox 149 1352 1360 1455; baseline 0 -24"><span class='ocrx_word' id='word_1_94' title='bbox 149 1352 219 1455; x_wconf 69' lang='lat' dir='ltr'>arrii.</span> <span class='ocrx_word' id='word_1_95' title='bbox 315 1369 476 1453; x_wconf 74' lang='lat' dir='ltr'>questibus</span> <span class='ocrx_word' id='word_1_96' title='bbox 490 1381 575 1431; x_wconf 86' lang='lat' dir='ltr'>metu</span> <span class='ocrx_word' id='word_1_97' title='bbox 589 1368 766 1431; x_wconf 86' lang='lat' dir='ltr'>insidiarum</span> <span class='ocrx_word' id='word_1_98' title='bbox 782 1369 902 1432; x_wconf 89' lang='lat' dir='ltr'>obstitit</span> <span class='ocrx_word' id='word_1_99' title='bbox 925 1366 1045 1430; x_wconf 79' lang='lat' dir='ltr'>Paullus</span> <span class='ocrx_word' id='word_1_100' title='bbox 1069 1368 1195 1443; x_wconf 83' lang='lat' dir='ltr'>consul;</span> <span class='ocrx_word' id='word_1_101' title='bbox 1220 1367 1304 1449; x_wconf 86' lang='lat' dir='ltr'>cnjus</span> <span class='ocrx_word' id='word_1_102' title='bbox 1319 1368 1360 1431; x_wconf 84' lang='lat' dir='ltr'>eo</span> 
     </span>
     <span class='ocr_line' id='line_1_14' title="bbox 316 1450 1359 1541; baseline 0 -24"><span class='ocrx_word' id='word_1_103' title='bbox 316 1456 367 1517; x_wconf 87' lang='lat' dir='ltr'>die</span> <span class='ocrx_word' id='word_1_104' title='bbox 385 1456 471 1541; x_wconf 81' lang='lat' dir='ltr'>(unm</span> <span class='ocrx_word' id='word_1_105' title='bbox 484 1455 609 1519; x_wconf 87' lang='lat' dir='ltr'>alternis</span> <span class='ocrx_word' id='word_1_106' title='bbox 630 1454 859 1537; x_wconf 80' lang='lat' dir='ltr'>imperitabant)</span> <span class='ocrx_word' id='word_1_107' title='bbox 887 1450 1045 1537; x_wconf 85' lang='lat' dir='ltr'>imperium</span> <span class='ocrx_word' id='word_1_108' title='bbox 1066 1464 1143 1531; x_wconf 88' lang='lat' dir='ltr'>erat,</span> <span class='ocrx_word' id='word_1_109' title='bbox 1159 1452 1294 1517; x_wconf 84' lang='lat' dir='ltr'>Varrone</span> <span class='ocrx_word' id='word_1_110' title='bbox 1309 1454 1359 1517; x_wconf 93' lang='lat' dir='ltr'>in-</span> 
     </span>
     <span class='ocr_line' id='line_1_15' title="bbox 258 1540 1358 1627; baseline 0 -24"><span class='ocrx_word' id='word_1_111' title='bbox 258 1614 267 1627; x_wconf 32' lang='lat'>,</span> <span class='ocrx_word' id='word_1_112' title='bbox 317 1542 462 1622; x_wconf 74' lang='lat' dir='ltr'>dignante</span> <span class='ocrx_word' id='word_1_113' title='bbox 476 1562 513 1603; x_wconf 87' lang='lat' dir='ltr'>ac</span> <span class='ocrx_word' id='word_1_114' title='bbox 528 1541 724 1618; x_wconf 80' lang='lat' dir='ltr'>vociferante,</span> <span class='ocrx_word' id='word_1_115' title='bbox 739 1541 882 1601; x_wconf 86' lang='lat' dir='ltr'>emissum</span> <span class='ocrx_word' id='word_1_116' title='bbox 893 1541 1013 1601; x_wconf 79' lang='lat' dir='ltr'>hostem</span> <span class='ocrx_word' id='word_1_117' title='bbox 1024 1562 1040 1601; x_wconf 91' lang='lat' dir='ltr'>e</span> <span class='ocrx_word' id='word_1_118' title='bbox 1053 1540 1209 1617; x_wconf 80' lang='lat' dir='ltr'>manibus3</span> <span class='ocrx_word' id='word_1_119' title='bbox 1225 1540 1358 1603; x_wconf 86' lang='lat' dir='ltr'>debella-</span> 
     </span>
     <span class='ocr_line' id='line_1_16' title="bbox 317 1624 1360 1710; baseline -0.001 -21"><span class='ocrx_word' id='word_1_120' title='bbox 317 1629 412 1710; x_wconf 90' lang='lat' dir='ltr'>rique,</span> <span class='ocrx_word' id='word_1_121' title='bbox 427 1628 459 1688; x_wconf 92' lang='lat' dir='ltr'>ni</span> <span class='ocrx_word' id='word_1_122' title='bbox 470 1643 621 1689; x_wconf 82' lang='lat' dir='ltr'>cessatum</span> <span class='ocrx_word' id='word_1_123' title='bbox 638 1627 728 1703; x_wconf 85' lang='lat' dir='ltr'>foret,</span> <span class='ocrx_word' id='word_1_124' title='bbox 742 1626 887 1707; x_wconf 87' lang='lat' dir='ltr'>potuisse.</span> <span class='ocrx_word' id='word_1_125' title='bbox 911 1624 1066 1687; x_wconf 80' lang='lat' dir='ltr'>Hannibal</span> <span class='ocrx_word' id='word_1_126' title='bbox 1078 1624 1109 1687; x_wconf 92' lang='lat' dir='ltr'>id</span> <span class='ocrx_word' id='word_1_127' title='bbox 1120 1626 1265 1688; x_wconf 90' lang='lat' dir='ltr'>damnum</span> <span class='ocrx_word' id='word_1_128' title='bbox 1276 1626 1360 1688; x_wconf 87' lang='lat' dir='ltr'>haud</span> 
     </span>
     <span class='ocr_line' id='line_1_17' title="bbox 316 1711 1360 1795; baseline 0 -22"><span class='ocrx_word' id='word_1_129' title='bbox 316 1714 471 1793; x_wconf 72' lang='lat' dir='ltr'>egerrime</span> <span class='ocrx_word' id='word_1_130' title='bbox 486 1714 572 1795; x_wconf 81' lang='lat' dir='ltr'>pati:</span> <span class='ocrx_word' id='word_1_131' title='bbox 595 1714 667 1794; x_wconf 90' lang='lat' dir='ltr'>quin</span> <span class='ocrx_word' id='word_1_132' title='bbox 682 1714 784 1794; x_wconf 86' lang='lat' dir='ltr'>potius</span> <span class='ocrx_word' id='word_1_133' title='bbox 799 1712 932 1789; x_wconf 87' lang='lat' dir='ltr'>credere,</span> <span class='ocrx_word' id='word_1_134' title='bbox 947 1712 1030 1773; x_wconf 90' lang='lat' dir='ltr'>velut</span> <span class='ocrx_word' id='word_1_135' title='bbox 1050 1711 1216 1773; x_wconf 85' lang='lat' dir='ltr'>inescatam</span> <span class='ocrx_word' id='word_1_136' title='bbox 1236 1712 1360 1775; x_wconf 88' lang='lat' dir='ltr'>temeri-</span> 
     </span>
     <span class='ocr_line' id='line_1_18' title="bbox 316 1796 1361 1861; baseline 0.002 -3"><span class='ocrx_word' id='word_1_137' title='bbox 316 1808 413 1859; x_wconf 84' lang='lat' dir='ltr'>tatem</span> <span class='ocrx_word' id='word_1_138' title='bbox 427 1798 584 1861; x_wconf 80' lang='lat' dir='ltr'>ferocioris</span> <span class='ocrx_word' id='word_1_139' title='bbox 598 1798 730 1861; x_wconf 86' lang='lat' dir='ltr'>consulis</span> <span class='ocrx_word' id='word_1_140' title='bbox 744 1818 782 1861; x_wconf 88' lang='lat' dir='ltr'>ac</span> <span class='ocrx_word' id='word_1_141' title='bbox 797 1806 943 1861; x_wconf 84' lang='lat' dir='ltr'>novorum</span> <span class='ocrx_word' id='word_1_142' title='bbox 958 1796 1090 1859; x_wconf 73' lang='lat' dir='ltr'>maxiem</span> <span class='ocrx_word' id='word_1_143' title='bbox 1099 1797 1229 1859; x_wconf 87' lang='lat' dir='ltr'>militum</span> <span class='ocrx_word' id='word_1_144' title='bbox 1241 1818 1318 1861; x_wconf 88' lang='lat' dir='ltr'>esse.</span> <span class='ocrx_word' id='word_1_145' title='bbox 1328 1809 1361 1861; x_wconf 90' lang='lat' dir='ltr'>et</span> 
     </span>
     <span class='ocr_line' id='line_1_19' title="bbox 316 1882 1364 1965; baseline 0 -20"><span class='ocrx_word' id='word_1_146' title='bbox 316 1885 422 1947; x_wconf 87' lang='lat' dir='ltr'>omnia</span> <span class='ocrx_word' id='word_1_147' title='bbox 435 1886 464 1945; x_wconf 92' lang='lat' dir='ltr'>ei</span> <span class='ocrx_word' id='word_1_148' title='bbox 480 1885 623 1962; x_wconf 85' lang='lat' dir='ltr'>hostium,</span> <span class='ocrx_word' id='word_1_149' title='bbox 647 1884 729 1946; x_wconf 87' lang='lat' dir='ltr'>haud</span> <span class='ocrx_word' id='word_1_150' title='bbox 752 1905 839 1947; x_wconf 85' lang='lat' dir='ltr'>secus</span> <span class='ocrx_word' id='word_1_151' title='bbox 864 1904 956 1965; x_wconf 88' lang='lat' dir='ltr'>quarn</span> <span class='ocrx_word' id='word_1_152' title='bbox 970 1904 1035 1961; x_wconf 78' lang='lat' dir='ltr'>sua,</span> <span class='ocrx_word' id='word_1_153' title='bbox 1050 1894 1125 1945; x_wconf 88' lang='lat' dir='ltr'>uota</span> <span class='ocrx_word' id='word_1_154' title='bbox 1139 1888 1246 1945; x_wconf 83' lang='lat' dir='ltr'>erant:</span> <span class='ocrx_word' id='word_1_155' title='bbox 1271 1882 1364 1961; x_wconf 65' lang='lat' dir='ltr'>dissi-⁸</span> 
     </span>
     <span class='ocr_line' id='line_1_20' title="bbox 317 1969 1360 2053; baseline 0 -22"><span class='ocrx_word' id='word_1_156' title='bbox 317 1969 406 2031; x_wconf 89' lang='lat' dir='ltr'>miles</span> <span class='ocrx_word' id='word_1_157' title='bbox 419 1970 632 2051; x_wconf 85' lang='lat' dir='ltr'>discordesque</span> <span class='ocrx_word' id='word_1_158' title='bbox 645 1970 829 2052; x_wconf 86' lang='lat' dir='ltr'>imperitare,</span> <span class='ocrx_word' id='word_1_159' title='bbox 841 1970 917 2031; x_wconf 88' lang='lat' dir='ltr'>duas</span> <span class='ocrx_word' id='word_1_160' title='bbox 932 1990 1026 2053; x_wconf 90' lang='lat' dir='ltr'>prope</span> <span class='ocrx_word' id='word_1_161' title='bbox 1041 1980 1142 2051; x_wconf 85' lang='lat' dir='ltr'>partes</span> <span class='ocrx_word' id='word_1_162' title='bbox 1155 1970 1288 2031; x_wconf 86' lang='lat' dir='ltr'>tironum</span> <span class='ocrx_word' id='word_1_163' title='bbox 1301 1969 1360 2031; x_wconf 90' lang='lat' dir='ltr'>mi·</span> 
     </span>
     <span class='ocr_line' id='line_1_21' title="bbox 78 2048 1361 2137; baseline 0 -20"><span class='ocrx_word' id='word_1_164' title='bbox 78 2056 82 2061; x_wconf 85' lang='grc'><strong>’</strong></span> <span class='ocrx_word' id='word_1_165' title='bbox 150 2048 287 2132; x_wconf 58' lang='lat' dir='ltr'>mihil·</span> <span class='ocrx_word' id='word_1_166' title='bbox 317 2055 405 2117; x_wconf 88' lang='lat' dir='ltr'>litum</span> <span class='ocrx_word' id='word_1_167' title='bbox 414 2057 446 2116; x_wconf 92' lang='lat' dir='ltr'>in</span> <span class='ocrx_word' id='word_1_168' title='bbox 456 2057 593 2117; x_wconf 80' lang='lat' dir='ltr'>exercitu</span> <span class='ocrx_word' id='word_1_169' title='bbox 604 2076 679 2119; x_wconf 87' lang='lat' dir='ltr'>esse.</span> <span class='ocrx_word' id='word_1_170' title='bbox 715 2054 834 2136; x_wconf 81' lang='lat' dir='ltr'>ltaque,</span> <span class='ocrx_word' id='word_1_171' title='bbox 844 2056 945 2118; x_wconf 90' lang='lat' dir='ltr'>locum</span> <span class='ocrx_word' id='word_1_172' title='bbox 954 2067 988 2118; x_wconf 89' lang='lat' dir='ltr'>et</span> <span class='ocrx_word' id='word_1_173' title='bbox 996 2068 1116 2137; x_wconf 87' lang='lat' dir='ltr'>tempus</span> <span class='ocrx_word' id='word_1_174' title='bbox 1127 2055 1244 2117; x_wconf 89' lang='lat' dir='ltr'>insidiis</span> <span class='ocrx_word' id='word_1_175' title='bbox 1253 2066 1361 2136; x_wconf 87' lang='lat' dir='ltr'>aptum</span> 
     </span>
     <span class='ocr_line' id='line_1_22' title="bbox 239 2140 1362 2224; baseline -0.002 -21"><span class='ocrx_word' id='word_1_176' title='bbox 239 2148 246 2163; x_wconf 82' lang='lat'>⁸</span> <span class='ocrx_word' id='word_1_177' title='bbox 317 2163 350 2203; x_wconf 88' lang='lat' dir='ltr'>se</span> <span class='ocrx_word' id='word_1_178' title='bbox 364 2142 476 2203; x_wconf 89' lang='lat' dir='ltr'>habere</span> <span class='ocrx_word' id='word_1_179' title='bbox 491 2154 584 2219; x_wconf 86' lang='lat' dir='ltr'>ratus,</span> <span class='ocrx_word' id='word_1_180' title='bbox 599 2152 689 2204; x_wconf 88' lang='lat' dir='ltr'>nocte</span> <span class='ocrx_word' id='word_1_181' title='bbox 703 2143 845 2224; x_wconf 86' lang='lat' dir='ltr'>proxima</span> <span class='ocrx_word' id='word_1_182' title='bbox 855 2142 931 2204; x_wconf 92' lang='lat' dir='ltr'>nihil</span> <span class='ocrx_word' id='word_1_183' title='bbox 946 2153 1055 2223; x_wconf 76' lang='lat' dir='ltr'>preter</span> <span class='ocrx_word' id='word_1_184' title='bbox 1068 2161 1153 2203; x_wconf 86' lang='lat' dir='ltr'>arma</span> <span class='ocrx_word' id='word_1_185' title='bbox 1167 2140 1296 2203; x_wconf 83' lang='lat' dir='ltr'>ferentes</span> <span class='ocrx_word' id='word_1_186' title='bbox 1312 2160 1362 2201; x_wconf 90' lang='lat' dir='ltr'>se-</span> 
     </span>
     <span class='ocr_line' id='line_1_23' title="bbox 318 2225 1362 2309; baseline 0 -20"><span class='ocrx_word' id='word_1_187' title='bbox 318 2248 389 2297; x_wconf 86' lang='lat' dir='ltr'>cum</span> <span class='ocrx_word' id='word_1_188' title='bbox 400 2227 512 2289; x_wconf 83' lang='lat' dir='ltr'>milites</span> <span class='ocrx_word' id='word_1_189' title='bbox 527 2227 652 2305; x_wconf 87' lang='lat' dir='ltr'>ducens,</span> <span class='ocrx_word' id='word_1_190' title='bbox 667 2239 768 2290; x_wconf 82' lang='lat' dir='ltr'>castra</span> <span class='ocrx_word' id='word_1_191' title='bbox 781 2228 873 2309; x_wconf 88' lang='lat' dir='ltr'>plena</span> <span class='ocrx_word' id='word_1_192' title='bbox 886 2227 1005 2289; x_wconf 68' lang='lat' dir='ltr'>lcurnis</span> <span class='ocrx_word' id='word_1_193' title='bbox 1019 2225 1146 2289; x_wconf 77' lang='lat' dir='ltr'>fortunar</span> <span class='ocrx_word' id='word_1_194' title='bbox 1162 2226 1288 2309; x_wconf 82' lang='lat' dir='ltr'>publicae</span> <span class='ocrx_word' id='word_1_195' title='bbox 1300 2226 1362 2309; x_wconf 91' lang='lat' dir='ltr'>pri-</span> 
     </span>
     <span class='ocr_line' id='line_1_24' title="bbox 317 2313 1362 2395; baseline 0 -20"><span class='ocrx_word' id='word_1_196' title='bbox 317 2325 454 2394; x_wconf 64' lang='lat' dir='ltr'>vamque</span> <span class='ocrx_word' id='word_1_197' title='bbox 476 2313 637 2394; x_wconf 80' lang='lat' dir='ltr'>relinquit3</span> <span class='ocrx_word' id='word_1_198' title='bbox 661 2323 804 2394; x_wconf 83' lang='lat' dir='ltr'>tramque</span> <span class='ocrx_word' id='word_1_199' title='bbox 829 2314 983 2395; x_wconf 84' lang='lat' dir='ltr'>proximos</span> <span class='ocrx_word' id='word_1_200' title='bbox 1008 2318 1128 2374; x_wconf 87' lang='lat' dir='ltr'>montes</span> <span class='ocrx_word' id='word_1_201' title='bbox 1150 2313 1225 2375; x_wconf 77' lang='lat' dir='ltr'>lava</span> <span class='ocrx_word' id='word_1_202' title='bbox 1243 2313 1362 2395; x_wconf 81' lang='lat' dir='ltr'>pedites</span> 
     </span>
     <span class='ocr_line' id='line_1_25' title="bbox 319 2398 1363 2481; baseline -0.002 -20"><span class='ocrx_word' id='word_1_203' title='bbox 319 2400 483 2461; x_wconf 87' lang='lat' dir='ltr'>instructos</span> <span class='ocrx_word' id='word_1_204' title='bbox 492 2400 609 2476; x_wconf 89' lang='lat' dir='ltr'>condit,</span> <span class='ocrx_word' id='word_1_205' title='bbox 617 2399 726 2461; x_wconf 84' lang='lat' dir='ltr'>dextra</span> <span class='ocrx_word' id='word_1_206' title='bbox 736 2400 863 2480; x_wconf 86' lang='lat' dir='ltr'>equites,</span> <span class='ocrx_word' id='word_1_207' title='bbox 878 2398 1106 2481; x_wconf 82' lang='lat' dir='ltr'>⁷iupedimenta</span> <span class='ocrx_word' id='word_1_208' title='bbox 1116 2419 1172 2481; x_wconf 90' lang='lat' dir='ltr'>per</span> <span class='ocrx_word' id='word_1_209' title='bbox 1182 2398 1363 2475; x_wconf 83' lang='lat' dir='ltr'>convallem,</span> 
     </span>
     <span class='ocr_line' id='line_1_26' title="bbox 319 2484 1363 2567; baseline -0.003 -20"><span class='ocrx_word' id='word_1_210' title='bbox 319 2486 454 2547; x_wconf 85' lang='lat' dir='ltr'>medium</span> <span class='ocrx_word' id='word_1_211' title='bbox 477 2506 599 2566; x_wconf 83' lang='lat' dir='ltr'>agmen,</span> <span class='ocrx_word' id='word_1_212' title='bbox 620 2484 832 2547; x_wconf 82' lang='lat' dir='ltr'>traducitr‘ut</span> <span class='ocrx_word' id='word_1_213' title='bbox 852 2484 1027 2567; x_wconf 84' lang='lat' dir='ltr'>diripiendis</span> <span class='ocrx_word' id='word_1_214' title='bbox 1041 2484 1125 2548; x_wconf 85' lang='lat' dir='ltr'>velut</span> <span class='ocrx_word' id='word_1_215' title='bbox 1148 2484 1275 2545; x_wconf 85' lang='lat' dir='ltr'>desertis</span> <span class='ocrx_word' id='word_1_216' title='bbox 1290 2484 1363 2565; x_wconf 83' lang='lat' dir='ltr'>hrga</span> 
     </span>
     <span class='ocr_line' id='line_1_27' title="bbox 320 2568 1362 2655; baseline -0.002 -21"><span class='ocrx_word' id='word_1_217' title='bbox 320 2568 513 2634; x_wconf 87' lang='lat' dir='ltr'>dominomm</span> <span class='ocrx_word' id='word_1_218' title='bbox 538 2571 646 2634; x_wconf 89' lang='lat' dir='ltr'>castris</span> <span class='ocrx_word' id='word_1_219' title='bbox 666 2580 848 2655; x_wconf 88' lang='lat' dir='ltr'>occupatum</span> <span class='ocrx_word' id='word_1_220' title='bbox 862 2569 1103 2654; x_wconf 72' lang='lat' dir='ltr'>&#39;inpeditumqne</span> <span class='ocrx_word' id='word_1_221' title='bbox 1123 2570 1243 2634; x_wconf 89' lang='lat' dir='ltr'>hostem</span> <span class='ocrx_word' id='word_1_222' title='bbox 1259 2570 1362 2652; x_wconf 84' lang='lat' dir='ltr'>obpri-</span> 
     </span>
     <span class='ocr_line' id='line_1_28' title="bbox 320 2655 1362 2739; baseline 0 -21"><span class='ocrx_word' id='word_1_223' title='bbox 320 2669 432 2732; x_wconf 65' lang='lat' dir='ltr'>meret*</span> <span class='ocrx_word' id='word_1_224' title='bbox 451 2656 556 2720; x_wconf 87' lang='lat' dir='ltr'>Crebri</span> <span class='ocrx_word' id='word_1_225' title='bbox 572 2655 669 2720; x_wconf 88' lang='lat' dir='ltr'>relicti</span> <span class='ocrx_word' id='word_1_226' title='bbox 685 2657 838 2720; x_wconf 85' lang='lat' dir='ltr'>incastris</span> <span class='ocrx_word' id='word_1_227' title='bbox 853 2658 950 2739; x_wconf 88' lang='lat' dir='ltr'>ignes,</span> <span class='ocrx_word' id='word_1_228' title='bbox 964 2669 999 2734; x_wconf 82' lang='lat' dir='ltr'>pt</span> <span class='ocrx_word' id='word_1_229' title='bbox 1013 2655 1089 2718; x_wconf 86' lang='lat' dir='ltr'>fides</span> <span class='ocrx_word' id='word_1_230' title='bbox 1104 2656 1201 2732; x_wconf 86' lang='lat' dir='ltr'>fieret,</span> <span class='ocrx_word' id='word_1_231' title='bbox 1213 2656 1286 2718; x_wconf 90' lang='lat' dir='ltr'>dum</span> <span class='ocrx_word' id='word_1_232' title='bbox 1297 2658 1362 2738; x_wconf 88' lang='lat' dir='ltr'>ipse</span> 
     </span>
     <span class='ocr_line' id='line_1_29' title="bbox 320 2737 1362 2826; baseline -0.001 -23"><span class='ocrx_word' id='word_1_233' title='bbox 320 2743 440 2824; x_wconf 90' lang='lat' dir='ltr'>longius</span> <span class='ocrx_word' id='word_1_234' title='bbox 454 2743 587 2825; x_wconf 90' lang='lat' dir='ltr'>spatium</span> <span class='ocrx_word' id='word_1_235' title='bbox 598 2743 671 2826; x_wconf 81' lang='lat' dir='ltr'>fuga</span> <span class='ocrx_word' id='word_1_236' title='bbox 684 2737 875 2824; x_wconf 71' lang='lat' dir='ltr'>praeciperet,</span> <span class='ocrx_word' id='word_1_237' title='bbox 889 2743 966 2804; x_wconf 84' lang='lat' dir='ltr'>falsa</span> <span class='ocrx_word' id='word_1_238' title='bbox 977 2741 1110 2822; x_wconf 81' lang='lat' dir='ltr'>imagine</span> <span class='ocrx_word' id='word_1_239' title='bbox 1119 2754 1288 2804; x_wconf 87' lang='lat' dir='ltr'>castrorum</span> <span class='ocrx_word' id='word_1_240' title='bbox 1307 2739 1362 2821; x_wconf 83' lang='lat' dir='ltr'>(si-</span> 
     </span>
     <span class='ocr_line' id='line_1_30' title="bbox 321 2824 1362 2911; baseline 0 -23"><span class='ocrx_word' id='word_1_241' title='bbox 321 2838 374 2890; x_wconf 87' lang='lat' dir='ltr'>cut</span> <span class='ocrx_word' id='word_1_242' title='bbox 390 2827 516 2890; x_wconf 80' lang='lat' dir='ltr'>Fabium</span> <span class='ocrx_word' id='word_1_243' title='bbox 530 2830 631 2911; x_wconf 84' lang='lat' dir='ltr'>priore</span> <span class='ocrx_word' id='word_1_244' title='bbox 646 2847 727 2892; x_wconf 84' lang='lat' dir='ltr'>anuo</span> <span class='ocrx_word' id='word_1_245' title='bbox 742 2828 901 2891; x_wconf 83' lang='lat' dir='ltr'>lnntretus</span> <span class='ocrx_word' id='word_1_246' title='bbox 916 2829 1006 2907; x_wconf 88' lang='lat' dir='ltr'>esset)</span> <span class='ocrx_word' id='word_1_247' title='bbox 1029 2837 1131 2890; x_wconf 83' lang='lat' dir='ltr'>tenere</span> <span class='ocrx_word' id='word_1_248' title='bbox 1144 2828 1271 2890; x_wconf 80' lang='lat' dir='ltr'>in&#39;locis</span> <span class='ocrx_word' id='word_1_249' title='bbox 1285 2824 1362 2891; x_wconf 81' lang='lat' dir='ltr'>con-</span> 
     </span>
    </p>

    <p class='ocr_par' dir='ltr' id='par_1_4' title="bbox 313 2913 1370 3766">
     <span class='ocr_line' id='line_1_31' title="bbox 322 2913 1341 2983; baseline -0.003 -6"><span class='ocrx_word' id='word_1_250' title='bbox 322 2913 401 2983; x_wconf 76' lang='lat' dir='ltr'>suler</span> <span class='ocrx_word' id='word_1_251' title='bbox 413 2914 557 2976; x_wconf 84' lang='lat' dir='ltr'>voluisse.</span> <span class='ocrx_word' id='word_1_252' title='bbox 759 2925 762 2932; x_wconf 86' lang='lat'>&#39;</span> <span class='ocrx_word' id='word_1_253' title='bbox 871 2923 876 2932; x_wconf 89' lang='grc'><strong>’</strong></span> <span class='ocrx_word' id='word_1_254' title='bbox 942 2957 946 2966; x_wconf 81' lang='lat'><em>-</em></span> <span class='ocrx_word' id='word_1_255' title='bbox 1337 2967 1341 2974; x_wconf 82' lang='lat'>.</span> 
     </span>
     <span class='ocr_line' id='line_1_32' title="bbox 362 2997 1364 3082; baseline 0.001 -22"><span class='ocrx_word' id='word_1_256' title='bbox 362 2997 465 3075; x_wconf 84' lang='lat' dir='ltr'>XLll.</span> <span class='ocrx_word' id='word_1_257' title='bbox 500 2998 562 3061; x_wconf 89' lang='lat' dir='ltr'>Ubi</span> <span class='ocrx_word' id='word_1_258' title='bbox 599 2999 719 3080; x_wconf 86' lang='lat' dir='ltr'>inluxit,</span> <span class='ocrx_word' id='word_1_259' title='bbox 755 3002 911 3066; x_wconf 83' lang='lat' dir='ltr'>subductae</span> <span class='ocrx_word' id='word_1_260' title='bbox 939 3000 1038 3082; x_wconf 88' lang='lat' dir='ltr'>primo</span> <span class='ocrx_word' id='word_1_261' title='bbox 1062 2999 1224 3079; x_wconf 70' lang='lat' dir='ltr'>stationes,</span> <span class='ocrx_word' id='word_1_262' title='bbox 1253 2999 1364 3062; x_wconf 86' lang='lat' dir='ltr'>deinde</span> 
     </span>
     <span class='ocr_line' id='line_1_33' title="bbox 319 3084 1364 3168; baseline 0 -22"><span class='ocrx_word' id='word_1_263' title='bbox 319 3086 445 3168; x_wconf 88' lang='lat' dir='ltr'>propius</span> <span class='ocrx_word' id='word_1_264' title='bbox 468 3086 650 3149; x_wconf 72' lang='lat' dir='ltr'>adeuntibus</span> <span class='ocrx_word' id='word_1_265' title='bbox 667 3087 824 3151; x_wconf 88' lang='lat' dir='ltr'>insolitum</span> <span class='ocrx_word' id='word_1_266' title='bbox 846 3087 999 3150; x_wconf 86' lang='lat' dir='ltr'>silentium</span> <span class='ocrx_word' id='word_1_267' title='bbox 1023 3087 1257 3150; x_wconf 80' lang='lat' dir='ltr'>admirationem</span> <span class='ocrx_word' id='word_1_268' title='bbox 1280 3084 1364 3148; x_wconf 83' lang='lat' dir='ltr'>lecit.</span> 
     </span>
     <span class='ocr_line' id='line_1_34' title="bbox 319 3169 1364 3256; baseline 0 -22"><span class='ocrx_word' id='word_1_269' title='bbox 319 3169 394 3234; x_wconf 83' lang='lat' dir='ltr'>Jam</span> <span class='ocrx_word' id='word_1_270' title='bbox 413 3173 489 3235; x_wconf 85' lang='lat' dir='ltr'>satis</span> <span class='ocrx_word' id='word_1_271' title='bbox 511 3185 670 3256; x_wconf 86' lang='lat' dir='ltr'>comperta</span> <span class='ocrx_word' id='word_1_272' title='bbox 690 3174 864 3252; x_wconf 86' lang='lat' dir='ltr'>solitudine,</span> <span class='ocrx_word' id='word_1_273' title='bbox 891 3173 923 3236; x_wconf 92' lang='lat' dir='ltr'>in</span> <span class='ocrx_word' id='word_1_274' title='bbox 950 3174 1056 3235; x_wconf 83' lang='lat' dir='ltr'>castris</span> <span class='ocrx_word' id='word_1_275' title='bbox 1079 3193 1244 3236; x_wconf 85' lang='lat' dir='ltr'>concursus</span> <span class='ocrx_word' id='word_1_276' title='bbox 1265 3171 1364 3234; x_wconf 75' lang='lat' dir='ltr'>firm</span> 
     </span>
     <span class='ocr_line' id='line_1_35' title="bbox 321 3257 1370 3340; baseline -0.001 -21"><span class='ocrx_word' id='word_1_277' title='bbox 321 3259 463 3340; x_wconf 72' lang='lat' dir='ltr'>pretoria</span> <span class='ocrx_word' id='word_1_278' title='bbox 484 3259 653 3337; x_wconf 82' lang='lat' dir='ltr'>consulum,</span> <span class='ocrx_word' id='word_1_279' title='bbox 678 3260 888 3322; x_wconf 86' lang='lat' dir='ltr'>nunciantium</span> <span class='ocrx_word' id='word_1_280' title='bbox 918 3257 1021 3340; x_wconf 83' lang='lat' dir='ltr'>fugam</span> <span class='ocrx_word' id='word_1_281' title='bbox 1045 3259 1178 3321; x_wconf 89' lang='lat' dir='ltr'>hostium</span> <span class='ocrx_word' id='word_1_282' title='bbox 1201 3257 1370 3320; x_wconf 70' lang='lat' dir='ltr'>adeo&#39;ne&#39;</span> 
     </span>
     <span class='ocr_line' id='line_1_36' title="bbox 322 3343 1365 3424; baseline 0 -20"><span class='ocrx_word' id='word_1_283' title='bbox 322 3343 439 3424; x_wconf 81' lang='lat' dir='ltr'>pidem,</span> <span class='ocrx_word' id='word_1_284' title='bbox 454 3355 499 3420; x_wconf 87' lang='lat' dir='ltr'>ut,</span> <span class='ocrx_word' id='word_1_285' title='bbox 514 3345 717 3406; x_wconf 81' lang='lat' dir='ltr'>tabernaculis</span> <span class='ocrx_word' id='word_1_286' title='bbox 731 3347 892 3423; x_wconf 83' lang='lat' dir='ltr'>stantibus,</span> <span class='ocrx_word' id='word_1_287' title='bbox 911 3357 1012 3406; x_wconf 87' lang='lat' dir='ltr'>castra</span> <span class='ocrx_word' id='word_1_288' title='bbox 1026 3344 1220 3424; x_wconf 84' lang='lat' dir='ltr'>reliquerint:</span> <span class='ocrx_word' id='word_1_289' title='bbox 1244 3362 1365 3423; x_wconf 87' lang='lat' dir='ltr'>quoque</span> 
     </span>
     <span class='ocr_line' id='line_1_37' title="bbox 322 3426 1365 3510; baseline -0.002 -20"><span class='ocrx_word' id='word_1_290' title='bbox 322 3427 396 3507; x_wconf 75' lang='lat' dir='ltr'>fuga</span> <span class='ocrx_word' id='word_1_291' title='bbox 416 3427 571 3490; x_wconf 81' lang='lat' dir='ltr'>obscurior</span> <span class='ocrx_word' id='word_1_292' title='bbox 592 3442 683 3508; x_wconf 87' lang='lat' dir='ltr'>esset,</span> <span class='ocrx_word' id='word_1_293' title='bbox 697 3429 819 3492; x_wconf 86' lang='lat' dir='ltr'>crebros</span> <span class='ocrx_word' id='word_1_294' title='bbox 841 3431 935 3492; x_wconf 88' lang='lat' dir='ltr'>etiam</span> <span class='ocrx_word' id='word_1_295' title='bbox 957 3430 1078 3492; x_wconf 84' lang='lat' dir='ltr'>relictos</span> <span class='ocrx_word' id='word_1_296' title='bbox 1099 3430 1194 3510; x_wconf 82' lang='lat' dir='ltr'>ignes</span> <span class='ocrx_word' id='word_1_297' title='bbox 1240 3426 1365 3490; x_wconf 87' lang='lat' dir='ltr'>Clamor</span> 
     </span>
     <span class='ocr_line' id='line_1_38' title="bbox 323 3511 1367 3597; baseline 0.001 -25"><span class='ocrx_word' id='word_1_298' title='bbox 323 3511 396 3572; x_wconf 90' lang='lat' dir='ltr'>inde</span> <span class='ocrx_word' id='word_1_299' title='bbox 409 3525 505 3592; x_wconf 81' lang='lat' dir='ltr'>oran,</span> <span class='ocrx_word' id='word_1_300' title='bbox 527 3526 562 3577; x_wconf 85' lang='lat' dir='ltr'>ut</span> <span class='ocrx_word' id='word_1_301' title='bbox 575 3512 664 3594; x_wconf 88' lang='lat' dir='ltr'>signa</span> <span class='ocrx_word' id='word_1_302' title='bbox 685 3515 814 3596; x_wconf 79' lang='lat' dir='ltr'>proferri</span> <span class='ocrx_word' id='word_1_303' title='bbox 832 3514 987 3597; x_wconf 87' lang='lat' dir='ltr'>juberent,</span> <span class='ocrx_word' id='word_1_304' title='bbox 1011 3513 1277 3596; x_wconf 76' lang='lat' dir='ltr'>ducerentque&#39;nd</span> <span class='ocrx_word' id='word_1_305' title='bbox 1294 3533 1367 3594; x_wconf 89' lang='lat' dir='ltr'>per·</span> 
     </span>
     <span class='ocr_line' id='line_1_39' title="bbox 313 3595 1367 3684; baseline 0.002 -26"><span class='ocrx_word' id='word_1_306' title='bbox 313 3595 494 3680; x_wconf 73' lang='lat' dir='ltr'>&#39;sequendos</span> <span class='ocrx_word' id='word_1_307' title='bbox 509 3600 623 3678; x_wconf 85' lang='lat' dir='ltr'>hostes,</span> <span class='ocrx_word' id='word_1_308' title='bbox 648 3621 684 3662; x_wconf 88' lang='lat' dir='ltr'>ac</span> <span class='ocrx_word' id='word_1_309' title='bbox 708 3602 846 3683; x_wconf 87' lang='lat' dir='ltr'>protinus</span> <span class='ocrx_word' id='word_1_310' title='bbox 865 3612 967 3664; x_wconf 88' lang='lat' dir='ltr'>castra</span> <span class='ocrx_word' id='word_1_311' title='bbox 981 3600 1161 3684; x_wconf 82' lang='lat' dir='ltr'>diripienda.</span> <span class='ocrx_word' id='word_1_312' title='bbox 1205 3599 1246 3661; x_wconf 80' lang='lat' dir='ltr'>Et</span> <span class='ocrx_word' id='word_1_313' title='bbox 1260 3599 1367 3662; x_wconf 89' lang='lat' dir='ltr'>consul</span> 
     </span>
     <span class='ocr_line' id='line_1_40' title="bbox 323 3683 1369 3766; baseline 0.002 -22"><span class='ocrx_word' id='word_1_314' title='bbox 323 3683 402 3746; x_wconf 87' lang='lat' dir='ltr'>alter</span> <span class='ocrx_word' id='word_1_315' title='bbox 421 3683 505 3747; x_wconf 87' lang='lat' dir='ltr'>velut</span> <span class='ocrx_word' id='word_1_316' title='bbox 530 3706 608 3747; x_wconf 93' lang='lat' dir='ltr'>unus</span> <span class='ocrx_word' id='word_1_317' title='bbox 630 3686 725 3748; x_wconf 85' lang='lat' dir='ltr'>turbae</span> <span class='ocrx_word' id='word_1_318' title='bbox 748 3689 887 3750; x_wconf 89' lang='lat' dir='ltr'>militaris</span> <span class='ocrx_word' id='word_1_319' title='bbox 912 3699 987 3750; x_wconf 91' lang='lat' dir='ltr'>erat.</span> <span class='ocrx_word' id='word_1_320' title='bbox 1031 3686 1152 3748; x_wconf 87' lang='lat' dir='ltr'>Paullus</span> <span class='ocrx_word' id='word_1_321' title='bbox 1167 3687 1260 3748; x_wconf 86' lang='lat' dir='ltr'>etiam</span> <span class='ocrx_word' id='word_1_322' title='bbox 1276 3697 1369 3766; x_wconf 87' lang='lat' dir='ltr'>atque</span> 
     </span>
    </p>
   </div>
   <div class='ocr_carea' id='block_1_3' title="bbox 323 3770 1369 3859">
    <p class='ocr_par' dir='ltr' id='par_1_5' title="bbox 323 3770 1369 3859">
     <span class='ocr_line' id='line_1_41' title="bbox 323 3770 1369 3859; baseline -0.005 -22"><span class='ocrx_word' id='word_1_323' title='bbox 323 3770 418 3848; x_wconf 66' lang='lat' dir='ltr'>eiiam</span> <span class='ocrx_word' id='word_1_324' title='bbox 433 3771 545 3856; x_wconf 88' lang='lat' dir='ltr'>dicere,</span> <span class='ocrx_word' id='word_1_325' title='bbox 566 3773 787 3858; x_wconf 80' lang='lat' dir='ltr'>providendum</span> <span class='ocrx_word' id='word_1_326' title='bbox 808 3773 1098 3858; x_wconf 71' lang='lat' dir='ltr'>praecavendumque</span> <span class='ocrx_word' id='word_1_327' title='bbox 1112 3793 1188 3834; x_wconf 84' lang='lat' dir='ltr'>esse.</span> <span class='ocrx_word' id='word_1_328' title='bbox 1203 3782 1369 3859; x_wconf 77' lang='lat' dir='ltr'>postremo,</span> 
     </span>
    </p>
   </div>
   <div class='ocr_carea' id='block_1_4' title="bbox 687 3877 1019 3966">
    <p class='ocr_par' dir='ltr' id='par_1_6' title="bbox 687 3877 1019 3966">
     <span class='ocr_line' id='line_1_42' title="bbox 687 3877 1019 3966; baseline -0.009 -17"><span class='ocrx_word' id='word_1_329' title='bbox 687 3926 700 3949; x_wconf 75' lang='lat' dir='ltr'>a</span> <span class='ocrx_word' id='word_1_330' title='bbox 707 3877 853 3966; x_wconf 71' lang='lat' dir='ltr'>septingentas</span> <span class='ocrx_word' id='word_1_331' title='bbox 864 3901 938 3948; x_wconf 80' lang='lat' dir='ltr'>Gran.</span> <span class='ocrx_word' id='word_1_332' title='bbox 950 3897 1019 3948; x_wconf 80' lang='lat' dir='ltr'>Crer.</span> 
     </span>
    </p>
   </div>
   <div class='ocr_carea' id='block_1_5' title="bbox 323 3987 1435 4390">
    <p class='ocr_par' dir='ltr' id='par_1_7' title="bbox 323 3987 1435 4318">
     <span class='ocr_line' id='line_1_43' title="bbox 353 3987 1383 4070; baseline -0.02 -12"><span class='ocrx_word' id='word_1_333' title='bbox 353 4006 394 4043; x_wconf 70' lang='grc' dir='ltr'>Η</span> <span class='ocrx_word' id='word_1_334' title='bbox 407 3987 833 4070; x_wconf 68' lang='lat' dir='ltr'>Onnirsortunaepubliaeprioutaque]</span> <span class='ocrx_word' id='word_1_335' title='bbox 864 3996 991 4046; x_wconf 74' lang='lat' dir='ltr'>mavellem</span> <span class='ocrx_word' id='word_1_336' title='bbox 1002 3995 1173 4059; x_wconf 77' lang='lat' dir='ltr'>inpedimenta,</span> <span class='ocrx_word' id='word_1_337' title='bbox 1189 3993 1249 4055; x_wconf 78' lang='lat' dir='ltr'>qmd</span> <span class='ocrx_word' id='word_1_338' title='bbox 1262 3999 1311 4040; x_wconf 79' lang='lat' dir='ltr'>errt</span> <span class='ocrx_word' id='word_1_339' title='bbox 1321 4003 1383 4037; x_wconf 78' lang='lat' dir='ltr'>nra-¹</span> 
     </span>
     <span class='ocr_line' id='line_1_44' title="bbox 323 4053 1435 4136; baseline -0.016 -18"><span class='ocrx_word' id='word_1_340' title='bbox 323 4073 429 4136; x_wconf 78' lang='lat' dir='ltr'>intellige</span> <span class='ocrx_word' id='word_1_341' title='bbox 444 4072 520 4120; x_wconf 80' lang='lat' dir='ltr'>omnir</span> <span class='ocrx_word' id='word_1_342' title='bbox 536 4085 596 4126; x_wconf 79' lang='lat' dir='ltr'>carn,</span> <span class='ocrx_word' id='word_1_343' title='bbox 611 4080 639 4117; x_wconf 85' lang='lat' dir='ltr'>ut</span> <span class='ocrx_word' id='word_1_344' title='bbox 656 4065 716 4114; x_wconf 79' lang='lat' dir='ltr'>intr·</span> <span class='ocrx_word' id='word_1_345' title='bbox 731 4061 833 4125; x_wconf 81' lang='lat' dir='ltr'>loquitur</span> <span class='ocrx_word' id='word_1_346' title='bbox 864 4063 928 4110; x_wconf 88' lang='lat' dir='ltr'>dlum</span> <span class='ocrx_word' id='word_1_347' title='bbox 944 4075 1035 4121; x_wconf 72' lang='lat' dir='ltr'>agmen.</span> <span class='ocrx_word' id='word_1_348' title='bbox 1066 4059 1165 4106; x_wconf 75' lang='lat' dir='ltr'>Videtur</span> <span class='ocrx_word' id='word_1_349' title='bbox 1180 4059 1276 4105; x_wconf 76' lang='lat' dir='ltr'>intruere</span> <span class='ocrx_word' id='word_1_350' title='bbox 1293 4053 1372 4102; x_wconf 77' lang='lat' dir='ltr'>Livius</span> <span class='ocrx_word' id='word_1_351' title='bbox 1421 4097 1435 4114; x_wconf 65' lang='lat'><em>,</em></span> 
     </span>
     <span class='ocr_line' id='line_1_45' title="bbox 323 4123 1384 4202; baseline -0.017 -18"><span class='ocrx_word' id='word_1_352' title='bbox 323 4136 411 4193; x_wconf 71' lang='lat' dir='ltr'>urin,</span> <span class='ocrx_word' id='word_1_353' title='bbox 433 4138 482 4185; x_wconf 83' lang='lat' dir='ltr'>rire</span> <span class='ocrx_word' id='word_1_354' title='bbox 502 4151 555 4199; x_wconf 66' lang='lat' dir='ltr'>qun</span> <span class='ocrx_word' id='word_1_355' title='bbox 580 4131 711 4198; x_wconf 76' lang='lat' dir='ltr'>reipublien</span> <span class='ocrx_word' id='word_1_356' title='bbox 732 4129 843 4178; x_wconf 52' lang='lat' dir='ltr'>carthus</span> <span class='ocrx_word' id='word_1_357' title='bbox 865 4123 1166 4202; x_wconf 78' lang='lat' dir='ltr'>equitrtnmncpsdirntum</span> <span class='ocrx_word' id='word_1_358' title='bbox 1184 4123 1384 4187; x_wconf 54' lang='lat' dir='ltr'>maxumum»</span> 
     </span>
     <span class='ocr_line' id='line_1_46' title="bbox 324 4189 1387 4262; baseline -0.017 -11"><span class='ocrx_word' id='word_1_359' title='bbox 324 4198 609 4262; x_wconf 64' lang='lat' dir='ltr'>ginimshrmnrenan&#39;re</span> <span class='ocrx_word' id='word_1_360' title='bbox 625 4213 677 4261; x_wconf 67' lang='lat' dir='ltr'>qun</span> <span class='ocrx_word' id='word_1_361' title='bbox 690 4193 833 4256; x_wconf 79' lang='lat' dir='ltr'>singulorum</span> <span class='ocrx_word' id='word_1_362' title='bbox 865 4203 971 4240; x_wconf 80' lang='lat' dir='ltr'>montes:</span> <span class='ocrx_word' id='word_1_363' title='bbox 987 4189 1387 4252; x_wconf 69' lang='lat' dir='ltr'>rolnrmpsdirnenrn,&#39;utqungrr-2</span> 
     </span>
     <span class='ocr_line' id='line_1_47' title="bbox 325 4250 1376 4318; baseline -0.01 -7"><span class='ocrx_word' id='word_1_364' title='bbox 325 4263 568 4313; x_wconf 70' lang='lat' dir='ltr'>nriihnnrnedaenrn.</span> <span class='ocrx_word' id='word_1_365' title='bbox 864 4256 932 4305; x_wconf 77' lang='lat' dir='ltr'>victis</span> <span class='ocrx_word' id='word_1_366' title='bbox 941 4263 996 4304; x_wconf 87' lang='lat' dir='ltr'>runt</span> <span class='ocrx_word' id='word_1_367' title='bbox 1009 4253 1141 4308; x_wconf 83' lang='lat' dir='ltr'>moliminis,</span> <span class='ocrx_word' id='word_1_368' title='bbox 1153 4253 1256 4303; x_wconf 74' lang='lat' dir='ltr'>traducta</span> <span class='ocrx_word' id='word_1_369' title='bbox 1266 4250 1376 4318; x_wconf 59' lang='lat' dir='ltr'>par&#39;conq</span> 
     </span>
    </p>

    <p class='ocr_par' dir='ltr' id='par_1_8' title="bbox 358 4314 1387 4390">
     <span class='ocr_line' id='line_1_48' title="bbox 358 4314 1387 4390; baseline -0.012 -14"><span class='ocrx_word' id='word_1_370' title='bbox 358 4327 372 4364; x_wconf 76' lang='lat' dir='ltr'>&#39;l</span> <span class='ocrx_word' id='word_1_371' title='bbox 395 4326 549 4387; x_wconf 59' lang='lat' dir='ltr'>ludham</span> <span class='ocrx_word' id='word_1_372' title='bbox 573 4341 613 4390; x_wconf 78' lang='lat' dir='ltr'>ptr</span> <span class='ocrx_word' id='word_1_373' title='bbox 637 4324 763 4380; x_wconf 65' lang='lat' dir='ltr'>armum,</span> <span class='ocrx_word' id='word_1_374' title='bbox 787 4338 834 4372; x_wconf 84' lang='lat' dir='ltr'>nr-</span> <span class='ocrx_word' id='word_1_375' title='bbox 865 4316 1066 4384; x_wconf 66' lang='lat' dir='ltr'>rallennlongilne</span> <span class='ocrx_word' id='word_1_376' title='bbox 1076 4317 1182 4368; x_wconf 60' lang='lat' dir='ltr'>manhu·</span> <span class='ocrx_word' id='word_1_377' title='bbox 1379 4314 1387 4333; x_wconf 81' lang='lat'><strong><em>‘</em></strong></span> 
     </span>
    </p>
   </div>
   <div class='ocr_carea' id='block_1_6' title="bbox 0 0 1569 5200">
    <p class='ocr_par' dir='ltr' id='par_1_9' title="bbox 0 0 1569 5200">
     <span class='ocr_line' id='line_1_49' title="bbox 0 0 1569 5200; baseline 0 0"><span class='ocrx_word' id='word_1_378' title='bbox 0 0 1569 5200; x_wconf 95' lang='lat' dir='ltr'> </span> 
     </span>
    </p>
   </div>
  </div>
 </body>
</html>
