3092 5200
377 375 437 432 ⁵16
801 366 885 428 'rrrl
903 367 1006 428 mvn

209 535 247 590 u,
259 535 289 588 c.
300 539 356 592 με,
379 519 392 554 ‘
405 507 607 584 conlatacum
617 519 664 600 iis,
676 539 741 604 quae
751 520 845 583 hodie
853 521 1007 605 patimur?
1024 519 1103 584 Cum
1111 521 1201 585 bona
1208 519 1308 600 venia,
1318 541 1437 605 quac,

212 604 353 659 &GM
381 606 393 641 ‘
407 607 549 687 audiatis,
564 607 668 670 Patres
683 609 857 691 conscripti,
872 608 917 688 id,
940 608 1022 690 quod
1036 609 1147 672 invitus
1162 607 1278 671 dicam.
1313 607 1351 670 ln
1368 608 1438 670 dis·

380 695 534 757 ‘crimine
560 705 608 757 est
631 715 712 757 nunc
737 695 905 758 humanum
931 716 1021 758 omne
1043 715 1150 778 genus,
1173 708 1280 759 utrum
1303 717 1367 774 ros,
1392 715 1436 757 aa

382 782 394 816 ‘
408 780 678 864 Karthaginienses
692 784 718 822 ⁸⁹
728 781 880 864 principes
894 793 1067 846 terramus*
1080 784 1193 845 videat.
1209 783 1235 844 si
1251 803 1289 845 ex
1303 783 1352 861 iis,
1361 801 1437 864 quae

382 866 576 932 ‘Locrenses
592 881 646 932 aut
656 869 696 931 ab
710 865 769 930 illis
778 869 858 952 passi
864 889 981 949 summ,
996 881 1188 932 autavestro
1200 869 1343 954 prasidio
1349 890 1436 932 nunc

381 955 501 1038 ‘quum
516 956 648 1018 maxime
663 956 806 1039 patimur,
820 957 1031 1019 estimandum
1046 955 1221 1023 Romanurn
1233 978 1271 1019 ac
1280 955 1435 1018 Punicum

382 1041 570 1127 ‘imperium
586 1044 626 1107 sit
634 1055 650 1122 3'
662 1064 753 1106 nemo
768 1065 830 1106 non
845 1043 913 1106 illos
927 1045 996 1122 sibi,
1011 1063 1101 1125 quam
1115 1065 1181 1123 vos,
1197 1044 1343 1107 dominos
1353 1065 1436 1127 prae·

381 1129 505 1214 ‘optet
549 1129 591 1194 Et
612 1141 714 1194 tamen
736 1131 848 1209 videte,
867 1131 1124 1213 quemadmodum
1142 1130 1314 1194 Locrenses
1329 1132 1362 1192 in
1379 1151 1436 1191 vos

380 1217 534 1281 ‘animati
549 1219 620 1282 sint.
664 1218 765 1290 Quum
782 1240 801 1280 a
819 1217 1124 1302 Karthaginiensibus
1148 1223 1177 1260 ’⁸
1187 1218 1312 1301 injurias
1338 1230 1439 1280 tauto

381 1305 537 1369 ‘minores
553 1307 768 1388 acciperemus,
784 1305 825 1367 ad
838 1315 970 1368 vestrum
985 1308 1201 1389 imperatorem
1216 1305 1438 1388 conlirgimrrsr

379 1393 392 1428 ‘
406 1413 499 1480 quum
510 1414 529 1455 a
539 1402 639 1455 vestro
648 1391 789 1475 prasidio
798 1392 957 1474 plusquam
969 1393 1094 1455 hostilia
1102 1395 1266 1475 patiamur,
1277 1413 1438 1474 nusquam

271 1472 274 1483 ’
379 1481 477 1560 ‘alio,
493 1499 583 1562 quam
598 1479 637 1542 ad
651 1499 715 1558 vos,
728 1479 866 1561 querelas
882 1479 1055 1542 detulimus.
1097 1479 1235 1542 Antros
1257 1479 1434 1561 respicietis

379 1567 538 1652 ‘perditas
553 1587 601 1629 res
611 1576 741 1645 nostras,
756 1564 860 1628 Patres
875 1567 1052 1650 conscripti,
1067 1579 1119 1630 aut
1128 1588 1167 1628 ne
1178 1565 1297 1628 abDiis
1305 1565 1435 1648 quidem

379 1654 615 1717 ‘inmortalibus
631 1653 714 1736 quod
727 1673 897 1738 precemur,
913 1653 1077 1735 quidquam
1086 1664 1235 1737 superest.
1263 1653 1305 1724 Q.
1317 1651 1434 1714 Plemi-

379 1741 391 1774 ‘
405 1742 474 1804 nius
489 1743 608 1824 legatus
622 1739 732 1802 missus
746 1752 793 1804 est
806 1761 878 1828 curn
893 1740 1031 1824 prasidio
1047 1741 1088 1803 ad
1102 1741 1295 1824 recipiendos
1315 1761 1339 1802 a
1354 1739 1434 1801 Kar-

380 1828 645 1912 ‘thaginiensibus
661 1825 786 1906 Locros,
802 1838 836 1891 et
856 1848 926 1890 curn
940 1821 1050 1890 eodem
1065 1829 1107 1890 ibi
1122 1827 1244 1890 relictus
1261 1839 1312 1890 est
1329 1827 1436 1910 prmi-

380 1916 393 1950 ‘
407 1917 469 1979 dio.
507 1913 542 1978 ln
554 1915 613 1978 hoc
624 1915 728 1997 legato
736 1926 837 1977 vestro
850 1913 938 1995 (dant
950 1913 1030 1976 enim
1044 1916 1178 1977 aninmm
1189 1914 1438 1996 adloquendum

380 2001 501 2066 ‘libere
526 2003 640 2065 ultimae
662 2001 801 2082 miserias)
831 2023 888 2063 nec
903 2001 1036 2064 hominis
1059 2002 1225 2084 quidquam
1244 2014 1304 2080 eet,
1327 2000 1439 2063 Patres

380 2089 584 2174 ‘conscripti
610 2099 717 2173 preter
746 2088 873 2170 figuram
904 2100 936 2152 et
969 2088 1122 2171 speciem;
1158 2109 1258 2170 neque
1295 2087 1439 2150 Romani

381 2175 393 2211 ‘
407 2178 492 2258 civis,
507 2187 615 2260 praeter
629 2175 781 2255 habitum,
794 2175 1007 2260 vestitumque,
1019 2188 1052 2239 et
1061 2195 1169 2238 sonum
1180 2173 1297 2237 latiare
1306 2175 1439 2257 lingua

379 2263 506 2328 ‘Pestis
526 2283 563 2328 ac
585 2262 685 2325 bellua
707 2263 849 2341 inmanis,
876 2263 979 2345 quales
1000 2262 1108 2325 fretum
1128 2261 1297 2344 qnondam,
1309 2283 1377 2344 quo
1394 2263 1439 2323 ab

381 2349 514 2413 ‘Sicilia
542 2349 714 2430 dividimur,
750 2350 790 2412 ad
823 2351 989 2433 perniciem
1022 2349 1229 2431 navigantium
1263 2347 1440 2411 circumse-

381 2438 395 2472 ‘
409 2438 489 2500 disse
504 2436 612 2498 fabulae
627 2436 738 2500 fenrnt.
780 2435 825 2499 At
831 2437 857 2498 si
867 2438 975 2516 scelus,
984 2437 1213 2519 libidinemque,
1222 2446 1254 2498 et
1268 2437 1436 2498 amritiam

382 2523 490 2586 ‘solus
515 2523 582 2606 ipse
605 2542 747 2584 exercere
770 2522 802 2584 in
826 2525 927 2586 socios
949 2534 1065 2586 vestros
1088 2524 1161 2586 satis
1185 2523 1325 2604 haberet,
1340 2545 1438 2586 unam

380 2610 394 2644 ‘
406 2608 586 2694 profundam
598 2608 721 2691 quidem
735 2611 911 2692 voraginem
925 2623 1030 2674 tamen
1046 2612 1196 2695 patientia
1208 2624 1318 2675 nostra
1327 2614 1438 2696 exple-

381 2696 393 2731 ‘
406 2714 517 2758 remus.
539 2716 620 2757 nunc
641 2716 747 2757 omnes
762 2697 956 2760 centuriones
970 2698 1143 2781 militesque
1156 2710 1273 2761 vestros
1292 2698 1392 2779 (adeo
1407 2701 1439 2761 in

380 2784 394 2817 ‘
408 2783 582 2866 promiscuo
598 2782 864 2865 licentiam'atque
878 2784 1096 2868 inprobitatem
1110 2806 1176 2848 esse
1190 2785 1301 2866 voluit)
1319 2784 1439 2848 Plemi-

338 2923 340 2931 .
382 2867 580 2932 ‘nioslecitr
602 2889 709 2932 omnes
720 2869 854 2953 rapiunt,
865 2871 1009 2954 spoliant,
1019 2873 1375 2952 verberanqvulnerant,
1384 2896 1439 2936 oc-

382 2957 396 2991 ‘
410 2956 517 3017 cidunt
528 2978 536 3017 r
549 2967 749 3039 constuprant
762 2968 930 3035 matronas,
945 2959 1087 3040 virgines,
1102 2960 1262 3039 ingenuos,
1273 2971 1387 3043 raptos
1400 2982 1439 3022 ex

383 3044 396 3078 ‘
409 3041 572 3125 complexu
583 3056 756 3126 parentum.
793 3043 939 3115 Quotidie
949 3045 1069 3127 capitur
1082 3046 1153 3107 urbs
1166 3056 1285 3124 nostra,
1295 3048 1439 3129 quotidie

383 3127 1439 3217 ‘diripitur;diesnoctesqueomniapassimmulierumpuerorumque,
1501 3149 1502 3152 ’

382 3214 395 3250 ⁸
410 3216 462 3297 qui
478 3216 636 3298 rapiuntur
647 3226 738 3297 atquc
752 3227 955 3299 asportantur,
969 3218 1136 3300 ploratibus
1151 3228 1273 3281 sonant.
1287 3218 1439 3297 Miretur,

384 3302 397 3337 ‘
411 3302 462 3385 qui
468 3301 715 3385 sciat,quomodo
724 3316 779 3365 aut
787 3323 844 3365 nos
854 3303 892 3365 ad
902 3304 1289 3386 patiendumsubticiamus,
1296 3308 1439 3385 sutilius,

386 3388 463 3471 ‘qui
479 3388 606 3467 faciunt,
627 3388 762 3451 nondum
786 3400 940 3453 tantarum
957 3389 1133 3473 injuriarum
1156 3394 1285 3456 satietas
1308 3395 1440 3477 ceperit.

387 3474 400 3509 ‘
413 3473 521 3559 Neque
532 3496 590 3557 ego
599 3475 723 3557 exsequi
734 3494 868 3559 possum,
883 3479 909 3518 ⁸¹
921 3497 978 3539 nec
988 3479 1072 3541 vobis
1084 3500 1182 3561 operae
1193 3493 1242 3543 est
1256 3480 1363 3543 audire
1372 3482 1439 3542 sin-

387 3560 400 3596 ‘
414 3562 496 3645 gula,
512 3582 577 3643 quae
591 3563 799 3645 passi'sumus.
811 3564 1015 3631 communiter
1024 3566 1129 3628 omnia
1139 3566 1319 3648 amplectar.
1340 3566 1438 3650 Nego

387 3649 400 3683 ‘
415 3648 539 3711 domum
554 3648 648 3709 ullam
662 3647 785 3727 Isocris3
805 3671 886 3733 nego
908 3670 1090 3733 quemquam
1105 3652 1262 3715 bominem
1276 3667 1440 3738 expertem

386 3736 400 3769 ‘
415 3733 530 3817 injurias
541 3755 626 3813 esse3
637 3754 718 3818 nego
728 3735 825 3798 ullum
834 3758 930 3820 geum
941 3738 1073 3818 sceleris,
1084 3737 1229 3815 libidinis,
1240 3740 1375 3804 avaritiae
1386 3763 1440 3803 su-

387 3820 546 3968 ippresse,
561 3820 644 3901 quod
658 3822 690 3883 in
704 3822 778 3901 ullo,
794 3824 846 3906 qui
866 3824 932 3907 pati
953 3826 1099 3908 potuerit,
1121 3827 1360 3909 pretermissum
1387 3828 1442 3891 sit.

388 3908 400 3942 ‘
445 3908 477 3970 ix
492 3907 570 3970 ratio
591 3907 659 3969 iniri
683 3921 797 3991 potest,
822 3921 890 3973 uter
904 3932 991 3973 casus
1013 3912 1144 3975 civitatis
1158 3913 1200 3974 sit
1215 3913 1440 3992 detestabilior,

389 3996 400 4031 ‘
415 4015 508 4077 quum
519 3995 622 4091 hostes
632 3994 712 4058 bello
723 3997 829 4059 urbem
838 4018 957 4081 cepere,
966 4018 1107 4082 anquam
1116 3997 1280 4062 exitiabilis
1289 4012 1441 4086 tyrannm

642 4183 1181 4247 'monialcnrrdistrrtorunGroaCren

420 4340 567 4407 ¹³⁹Principes
583 4342 646 4394 Orbis
666 4354 777 4396 terrarum
813 4345 896 4413 scripti
928 4349 1137 4411 novius,quonrorlo
1146 4347 1249 4397 hebetia
1258 4346 1442 4398 contumes-

388 4403 482 4469 plurimi
493 4421 517 4457 et
528 4412 608 4475 optimi
619 4412 723 4472 ignorant
732 4412 763 4461 rb
821 4415 848 4462 ir.
928 4414 973 4463 teri
983 4415 1062 4479 scripti
1075 4415 1356 4464 creditismltorrimrer.

421 4470 445 4507 ⁹⁰
453 4470 555 4533 lnior-ins
565 4484 627 4525 tanto
637 4475 738 4538 mnam]
761 4478 818 4528 Pur.
829 4478 896 4541 hber,
959 4479 981 4515 ⁹¹
994 4476 1041 4527 Nee
1050 4480 1107 4527 nobis
1115 4495 1184 4541 opert
1193 4476 1237 4539 cst]
1256 4478 1310 4528 Nec
1322 4479 1390 4527 robis
1398 4488 1441 4527 aut

390 4540 578 4591 wantomincrrr.
607 4540 669 4595 lude
690 4538 757 4607 justi
774 4541 899 4607 legion·
928 4544 1172 4606 racaqaututilccn.
1206 4542 1409 4598 vinnam
