3092 5200
482 385 874 458 mmmm
1074 403 1195 460 ‘a

148 541 285 608 ‘sidium
301 545 427 612 dedurdt
441 549 480 612 ab
495 549 606 637 Eryce:
622 551 672 634 qui
682 547 946 635 gravesinpositas
956 548 1046 613 vietis
1055 547 1191 615 Karthass
1204 564 1238 616 v.
1248 562 1278 613 o.
1287 565 1355 614 aas·

146 627 160 664 ‘
173 631 355 712 giniensibus
370 636 457 720 leges
468 638 598 702 stemma
612 659 804 724 moerensque
815 637 955 720 accepite
978 637 1030 719 qui
1042 637 1191 702 decedere
1203 632 1235 680 A.
1244 630 1274 678 ⁰·
1285 628 1342 684 ²¹⁸·

148 714 160 749 ‘
174 713 289 799 Sicilia,
301 723 352 806 qui
363 725 549 806 stipendium
559 726 673 808 populo
684 725 826 788 Romano
841 725 914 787 dare
927 735 1035 808 pactus
1046 734 1103 786 est.
1125 720 1190 788 lta-

146 802 158 838 ‘
172 823 231 888 que
241 827 297 870 vos
308 829 379 894 ego,
389 811 513 890 milites,
528 831 591 873 non
602 821 639 873 eo
650 811 748 874 solum
757 812 872 891 auimo,
886 832 947 894 quo
961 811 1103 873 adversus
1114 811 1190 874 alios

145 888 277 955 ‘hostes
291 895 406 974 soletis,
426 917 561 982 pugnare
575 898 663 959 velim
674 919 686 976 3
708 898 762 960 sed
785 915 857 958 cum
881 898 1094 980 indignatione
1114 899 1191 980 quass

145 975 158 1008 ‘
173 977 245 1042 dam
254 991 346 1065 atque
358 983 422 1044 ira:
443 984 528 1046 velut
542 984 568 1045 si
582 1003 683 1045 seruos
696 983 825 1044 videatis
838 994 954 1045 vestros
969 1005 1054 1046 arma
1065 997 1191 1069 repente

147 1061 282 1129 ‘eontra
294 1087 349 1132 vos
366 1069 507 1133 ferentes.
550 1071 577 1111 ¹⁸
587 1067 717 1134 Licuitu
741 1069 782 1130 ad
795 1067 923 1153 Erycem
939 1071 1068 1149 clausos,
1081 1071 1192 1134 ultirm

151 1150 324 1236 ‘supplicio
354 1156 567 1235 humanorum,
597 1156 679 1218 fame
703 1155 894 1218 interficere:
924 1155 1010 1218 licuit
1025 1154 1191 1221 uictricem

153 1237 305 1303 ‘clamem
327 1241 358 1303 in
382 1242 517 1305 Africam
532 1240 682 1324 trajicere,
706 1253 798 1324 atque
820 1242 902 1303 intra
922 1262 1036 1326 paucos
1051 1243 1193 1306 diessine

144 1321 238 1387 '‘'ullo
252 1329 418 1390 certamine
433 1327 655 1412 Karthaginem
670 1329 782 1392 delere.
825 1325 956 1391 Veniam
971 1329 1108 1392 dedimus
1122 1349 1193 1412 pre-

152 1410 166 1448 ‘
177 1412 337 1477 cann'busr
362 1415 515 1478 emisimus
535 1437 574 1479 ex
589 1415 766 1480 obsidione:
789 1434 898 1500 pacem
921 1435 991 1477 cum
1010 1416 1098 1478 victis
1119 1415 1193 1477 ieci-

150 1495 263 1563 ‘musx
285 1499 313 1545 ⁸⁴
323 1502 425 1564 tutela
440 1503 551 1566 deinde
565 1513 697 1566 nostru*
710 1503 864 1582 duximus,
885 1523 978 1585 quum
993 1500 1100 1564 Africo
1111 1502 1193 1564 bello

149 1583 384 1668 ‘urgererentun
406 1588 464 1651 Pro
475 1589 524 1650 his
539 1590 702 1673 inpertitis,
711 1589 859 1651 furiosum
870 1587 1193 1670 juvenemsequentes,
1244 1637 1249 1646 .

150 1668 162 1704 ‘
175 1672 385 1754 obpugnatum
399 1675 531 1756 patriam
546 1686 682 1738 nostram
694 1677 831 1738 veniunt.
853 1674 955 1756 Atque
968 1676 1087 1737 utinam
1100 1678 1193 1761 ⁸⁵pro

147 1752 160 1786 ‘
174 1755 284 1820 decore
299 1769 420 1821 tantum
436 1761 495 1822 hoc
509 1762 606 1838 vobis,
621 1771 653 1823 et
664 1781 727 1822 non
738 1761 795 1842 pio
809 1761 918 1837 seinte,
932 1771 1013 1822 essct
1027 1772 1195 1825 certamen.

144 1838 159 1872 ⁴
174 1844 288 1906 nonde
304 1846 495 1927 possessione
510 1844 621 1908 Sicilia
637 1865 673 1907 ac
692 1844 851 1923 Sardinia,
865 1845 904 1906 de
918 1846 1025 1925 quibus
1040 1847 1195 1927 quondam

145 1926 331 2010 ‘agebatun
355 1932 410 1994 sed
430 1953 486 2016 pro
505 1930 595 1995 ltalia
620 1933 730 1994 vobis⁰
754 1943 802 1994 cst
826 1930 1046 2014 pugnandum:
1067 1951 1125 1992 nee
1147 1943 1195 1994 est

143 2011 157 2045 ‘
173 2015 248 2076 alius
263 2017 303 2077 ab
318 2027 406 2099 tergo
420 2019 581 2096 exercitus,
601 2018 664 2099 qui,
686 2018 744 2080 nisi
755 2039 814 2081 nos
828 2018 988 2096 vincimus,
999 2017 1081 2078 hosti
1096 2016 1195 2079 obsis-

147 2100 237 2178 ‘tet3
261 2115 319 2165 nee
334 2102 427 2185 Alpes
447 2103 514 2166 alise
533 2115 614 2181 sunt,
637 2124 712 2185 quas
734 2103 807 2165 dum
832 2111 1001 2186 superentp
1023 2101 1194 2185 comparari

144 2185 246 2250 ‘nova
256 2189 585 2272 possintprsesidiu.l1ic
595 2201 642 2255 est
652 2189 846 2268 obstandum,
857 2189 980 2266 milites,
997 2189 1107 2251 velutsi
1120 2201 1193 2251 ante

146 2269 312 2338 ‘Romana
320 2277 434 2338 muenia
442 2295 621 2360 pugnemus.
645 2270 1193 2358 Unusquisquescnouccrpussuum,

142 2357 158 2390 ⁴
172 2359 228 2420 sed
242 2359 403 2443 conjugem
415 2383 450 2424 ac
463 2363 573 2425 liberos
595 2382 702 2445 paruos
722 2364 814 2424 armis
833 2372 993 2444 protegere
1008 2372 1118 2443 putets
1135 2382 1192 2423 nee

144 2443 355 2509 ‘domesticas
377 2448 474 2510 solum
496 2450 604 2529 agitet·
613 2469 711 2526 curas,
732 2448 787 2508 sed
808 2448 989 2508 idemtidem
1008 2446 1067 2508 hoe
1089 2440 1193 2510 animo

145 2530 303 2614 ‘reputet
318 2543 437 2596 nostras
458 2553 539 2595 nune
563 2534 673 2595 intueri
694 2551 802 2615 manus
825 2541 963 2594 senatum
985 2526 1190 2619 populumque

143 2616 353 2683 ‘Romanum
368 2620 465 2703 qualis
483 2630 589 2683 nostra
609 2620 653 2681 vis
672 2620 829 2702 virtusque
838 2617 940 2697 fisarit,
964 2618 1058 2681 talem
1078 2620 1189 2683 deinde

143 2704 156 2739 ‘
171 2703 324 2769 fortunam
338 2710 365 2752 ⁹⁸
371 2708 451 2769 illius
466 2708 549 2769 urbis
565 2728 601 2773 ac
615 2705 748 2769 Romani
763 2705 884 2789 imperii
898 2702 986 2768 fore?

134 2786 140 2797 '
188 2788 288 2854 XLll.
326 2790 401 2856 Hae
431 2794 513 2877 apud
543 2792 704 2868 Romanos,
729 2792 844 2855 consul.
904 2790 1070 2873 Hannibal,
1100 2794 1188 2857 rebus
1201 2824 1317 2879 ΜΗ

142 2875 237 2960 prius,
267 2898 359 2961 quum
383 2881 494 2957 verbis,
513 2880 721 2943 adhortandos
746 2880 860 2942 milites
880 2889 976 2958 ratus,
997 2880 1187 2946 circumdato
1199 2892 1339 2958 stupis

145 2963 187 3024 ad
200 2967 408 3045 spectaculum
429 2967 574 3043 exercitu,
598 2966 735 3050 captivos
755 2977 920 3029 montanos
940 2966 1058 3030 vinctos
1072 2967 1105 3029 in
1119 2988 1186 3031 me·
1198 2958 1351 3073 iiffiffl'

145 3048 199 3111 dio
214 3053 342 3130 statuit3
365 3054 516 3134 annisque
541 3050 667 3115 Gallicis
692 3064 763 3115 ante
785 3072 890 3115 eorum
915 3052 1010 3135 pedes
1032 3052 1187 3143 projectis,
1198 3038 1271 3141 ἕξω
1338 3050 1349 3065 '

146 3135 333 3217 interrogare
354 3137 550 3221 interpretem
571 3136 673 3219 jussit,
694 3138 807 3218 eequis,
833 3138 860 3197 si
884 3137 1012 3199 vinculis
1031 3139 1188 3220 levaretur,

144 3240 291 3303 armaque
315 3232 347 3284 et
370 3242 481 3303 equum
499 3222 596 3285 victor
620 3223 780 3307 acciperet,
800 3222 956 3285 decertare
976 3222 1056 3284 ferro
1074 3224 1186 3288 velleti

144 3306 249 3378 Quum
266 3309 306 3371 ad
321 3326 415 3371 unum
429 3329 535 3371 omnes
550 3309 662 3371 ferrum
681 3328 879 3391 pugnamque
897 3318 1069 3392 poscerent,
1088 3309 1189 3376 etde-

140 3392 229 3476 jecta
245 3394 275 3456 in
292 3394 324 3456 id
346 3416 411 3457 sors
434 3407 524 3473 esset,
540 3417 572 3459 se
588 3396 713 3479 quisque
725 3414 795 3457 eum
809 3395 947 3478 optabat,
963 3410 1054 3476 quera
1068 3395 1191 3461 fortuna

145 3480 176 3539 in
192 3478 225 3541 id
244 3490 399 3543 certamen
415 3481 540 3563 legeret.
585 3480 631 3547 Ut
645 3479 790 3563 cujusque
811 3502 876 3545 sors
896 3480 1062 3561 exciderat,
1078 3481 1189 3564 alacer,

146 3564 226 3627 inter
242 3566 430 3649 gratulantes
450 3568 564 3650 gaudio
585 3567 749 3647 exsrrltans,
776 3586 847 3631 cum
869 3566 915 3629 sui
937 3567 1030 3632 moris
1049 3568 1188 3653 tripudiis

146 3670 233 3715 arrua
246 3654 358 3737 raptim
372 3654 524 3738 capiebat.
550 3655 602 3718 ubi
624 3676 695 3717 vcro
717 3653 909 3732 dimicarent,
928 3653 955 3715 is
974 3654 1100 3743 ¹habitus
1121 3656 1188 3719 sni-
1304 3732 1307 3735 ⁴

176 3774 549 3832 -lscuustwtutseuuoron,
637 3814 639 3817 -
720 3778 733 3804 '¹
749 3777 1176 3837 submurmurasse,

361 3846 524 3903 ⁰usbisCrer.
775 3842 960 3905 'mhi-
1172 3878 1176 3887 ·

176 3929 336 3983 enarra
355 3934 558 3999 messa]
577 3932 651 3983 aaa
682 3942 747 3981 mse
775 3930 1191 3997 amnemamnem·

144 3998 227 4059 simu,
241 3998 369 4049 vdmllrru
377 4001 476 4065 scripu,
485 4000 652 4051 inudlsmret·
682 3997 775 4046 dhisse.
1172 4009 1177 4035 1

147 4064 229 4167 Ἢ
235 4064 653 4194 ffimffiwaum]
682 4061 801 4191 ‘tw'
813 4063 889 4176 m
900 4058 1191 4190 massaum-{w

144 4194 183 4244 Ad
200 4194 298 4243 malm
316 4206 417 4244 nouam
437 4198 552 4260 pertinere
573 4192 651 4243 existi
682 4194 786 4257 quedam
818 4192 932 4242 οϋιίωω
956 4189 1079 4253 utrobique
1103 4188 1189 4239 helsen

144 4260 264 4309 udum.
304 4260 343 4309 tile
364 4261 414 4309 lere
434 4260 451 4309 l.
474 4272 548 4312 xnus.
568 4274 590 4309 e.
611 4260 651 4307 22.
681 4258 745 4308 subu.
785 4258 818 4307 dt
833 4257 971 4307 venndm
986 4256 1108 4304 idreueut
1128 4253 1189 4317 quud

143 4323 318 4440 me
332 4324 652 4441 Μ
681 4323 873 4438 eltnae
890 4322 962 4383 Μ’
977 4319 1098 4371 m·
1113 4319 1189 4368 Μ

142 4404 388 4515 ηιοωὴῗξιι
403 4454 483 4521 ruys.
501 4454 519 4505 r.
531 4406 652 4505 cieras
714 4450 737 4491 a
751 4450 887 4502 rumen
906 4450 967 4514 ‚ve
981 4448 1078 4501 cuna
1094 4458 1189 4501 mm

143 4518 207 4585 leges
222 4518 651 4585 nnmequdlsinreiisdefue·
680 4518 831 4579 illiaqusu
924 4518 1037 4583 ium·
1169 4546 1175 4555 ·

185 4608 260 4659 von.
275 4610 312 4658 n.
732 4603 755 4663 Β
