3092 5200
432 369 510 431 LIB.
527 356 655 429 xxm
674 356 757 427 ΟᾸΡ.
777 364 950 425 XXXVIII.
1149 368 1206 429 ⁴1?

162 526 375 604 taracinam,
395 522 561 587 Frusinone
586 522 735 585 infantem
761 532 866 583 natum
892 538 958 580 csse
977 504 1135 599 quadrimo
1148 538 1203 602 pa·
1217 520 1357 577 uesta

163 633 244 676 rem:
268 632 326 675 nec
349 611 558 693 magiritudinc
580 622 644 673 tam
662 607 845 685 mirandum,
869 624 960 687 quam
979 604 1061 687 quod
1081 605 1116 666 is·
1128 624 1203 689 quo·
1216 586 1286 708 ᾖξ’
1296 591 1353 654 ²⁰⁷·

163 720 234 783 que,
248 710 285 760 ut
298 696 447 760 Sinuessae
461 696 583 758 biennio
598 707 680 774 ante,
693 696 836 771 incertus,
851 712 917 753 mas
934 710 972 751 an
987 690 1101 752 femina
1114 702 1204 770 esset,
1216 741 1260 775 m„
1271 673 1338 775 ἓξὲξ,

163 796 256 847 nanu
274 796 350 847 erat.
393 782 428 846 ld
444 804 513 845 vero
528 782 688 865 aruspices,¹
713 802 752 841 cx
775 778 897 841 Etruria
912 777 1014 855 adelfi,
1038 776 1153 838 soedum
1168 798 1205 839 ac

163 883 253 954 turpe
283 870 454 953 prodiffl'um
489 870 601 931 dicere.
629 878 778 929 extorrem
814 886 888 949 agro
919 864 1069 942 Romano,
1099 864 1203 945 procul

163 970 252 1020 terna
274 968 430 1034 contactu,
453 956 517 1018 alto
538 954 762 1037 mergendum·
777 949 898 1014 ·Vivum
918 952 951 1013 in
975 970 1076 1012 arcam
1098 950 1205 1013 condi-

165 1044 249 1121 dere,
269 1054 502 1125 provectumque
527 1042 560 1102 in
584 1061 667 1102 mare
690 1038 895 1122 projecerunt.
939 1036 1106 1100 Decrevere
1130 1038 1205 1099 item

165 1129 335 1211 pontifices,
355 1141 391 1190 ut
409 1129 540 1210 virgines
554 1140 748 1202 ternovena,
763 1146 818 1208 per
832 1126 937 1187 urbem
953 1137 1069 1203 euntes,
1084 1144 1205 1188 carmen

166 1228 321 1277 cancrent
365 1214 400 1276 ld
416 1236 509 1297 quum
524 1215 555 1275 in
570 1212 657 1274 Jovis
677 1210 809 1275 Statoris
828 1212 891 1274 ade
916 1211 1076 1290 discerent,
1099 1212 1205 1274 condi·
1236 1202 1239 1211 ’

165 1313 232 1363 tum
248 1302 287 1362 ab
306 1298 418 1363 ⁷Livio
435 1310 539 1384 poeta,
561 1320 694 1377 carmen,
717 1309 801 1360 tacte
815 1298 852 1360 de
867 1298 945 1359 coelo
959 1298 1037 1359 ades
1057 1300 1089 1360 in
1103 1298 1206 1361 Aren·
1268 1360 1270 1367 ,

163 1388 232 1449 tino
252 1385 383 1450 Junonis
403 1387 536 1468 Reginae.
558 1385 790 1468 prodigiumque
817 1384 847 1446 id
873 1384 912 1445 ad
932 1396 1086 1447 matronas
1112 1386 1219 1469 perti.
1316 1423 1321 1431 ·

163 1494 248 1551 nere,
263 1474 416 1555 armpices
430 1493 524 1555 quum
539 1471 776 1555 respondissent,
797 1471 937 1553 donoque
952 1469 1061 1533 Divom
1081 1473 1206 1555 placan-

166 1560 239 1621 dam
254 1580 338 1636 esse;
354 1559 485 1621 aedilium
500 1558 648 1620 curulium
663 1557 765 1619 edicto
781 1558 811 1617 ln
827 1556 1011 1640 Capitolium
1023 1570 1207 1636 convocata,

165 1646 276 1727 quibus
291 1647 323 1706 in
337 1647 411 1707 urbe
424 1644 574 1720 Romana,
590 1644 728 1725 intraque
742 1644 893 1705 deeImum
909 1644 1041 1726 lapidem
1064 1645 1102 1706 ab
1123 1646 1207 1723 urbe,

166 1731 325 1794 domicilia
337 1742 448 1808 essent,
470 1732 542 1813 ipsae
560 1732 640 1792 inter
654 1751 686 1792 sc
702 1730 834 1811 quinque
854 1739 886 1791 et
899 1730 1006 1811 viginti
1022 1730 1208 1813 delegerunt,

169 1818 209 1879 ad
225 1838 301 1900 quas
323 1838 361 1879 ex
386 1818 508 1880 dotibus
531 1818 642 1899 stipem
664 1816 846 1878 conferrent.
891 1815 965 1877 Inde
987 1817 1100 1878 donum
1115 1817 1209 1899 pelvis

165 1924 263 1965 ›aurca
276 1902 368 1981 facta,
383 1904 505 1984 lataque
519 1903 551 1965 in
563 1903 759 1978 Aventinum,
776 1922 908 1985 pureque
921 1912 955 1964 'et
971 1912 1052 1965 caste
1064 1924 1083 1963 a
1093 1914 1209 1965 matro-

168 1991 218 2051 nis
246 1990 456 2051 sacrificatum.
509 1987 750 2051 Confestim-ad
777 1989 870 2050 'aliud
895 1989 1073 2050 sacrificium
1109 1988 1208 2051 eidem
1221 2017 1360 2068 Sacrificium

166 2074 253 2138 Divae
267 2076 307 2137 ab
321 2076 497 2138 decemviris
512 2077 613 2137 edicta
627 2076 703 2153 dies,
717 2073 804 2157 cujus
816 2075 891 2137 ordo
905 2076 974 2136 talis
989 2075 1066 2141 fuit:
1091 2076 1129 2137 ab
1145 2076 1208 2138 aedc
1221 2084 1306 2134 lunoni
1317 2084 1365 2133 tte-

67 2160 69 2164 ⁴
165 2162 319 2246 Apollinis
334 2163 425 2223 boves
440 2162 559 2224 femina
574 2162 648 2223 albae
668 2161 735 2223 dure
748 2172 839 2243 porta
853 2160 1039 2225 Carmentali
1056 2163 1086 2225 in
1096 2164 1208 2226 'urbem
1220 2152 1322 2213 ‘'¹⁰²⁹“

103 2268 115 2281 ·
163 2241 275 2311 ductae.
298 2260 369 2331 post
393 2268 444 2310 eas
467 2248 529 2309 duo
551 2248 640 2329 signa
661 2268 821 2330 cupressea
844 2247 973 2311 Iunonis
998 2248 1122 2332 Reginae
1137 2273 1209 2334 por·
1220 2231 1300 2284 ΜΨ
1301 2248 1311 2267 “

167 2336 320 2397 taburtmr.
344 2347 411 2396 tum
439 2347 556 2417 septem
583 2344 616 2395 et
639 2334 747 2416 viginti
772 2334 912 2415 virgines,
941 2335 1064 2417 longam
1098 2338 1210 2401 indutae

166 2434 296 2499 vestem,
316 2442 439 2483 carmen
458 2422 491 2482 in
512 2420 666 2482 Junonem
686 2419 835 2501 Reginam
862 2432 1005 2483 canentes
1027 2422 1113 2485 ibant
1124 2446 1133 2501 3
1159 2422 1211 2485 illa

168 2517 351 2590 tempestate
376 2507 503 2570 forsitan
518 2507 668 2568 laudabile
691 2507 816 2568 rudibus
835 2508 975 2588 ingeniis,
1000 2530 1080 2570 nnnc
1095 2509 1209 2571 abhor-

166 2613 239 2656 rens
251 2605 283 2655 et
298 2594 498 2671 inconditum,
518 2593 543 2654 si
561 2592 716 2655 referatur.
759 2590 931 2675 Virginum'
946 2594 1084 2658 ordinem
1103 2616 1210 2678 seque-

167 2681 277 2742 bantur
303 2680 464 2742 decemviri
489 2681 627 2742 coronati
649 2680 763 2757 laurea,
790 2682 1029 2764 praetextatique.
1072 2681 1191 2766 Aport

168 2765 297 2848 Jugario
310 2767 378 2828 rico
398 2768 429 2828 in
449 2767 549 2829 forum
570 2787 688 2828 venere.
710 2766 741 2826 in
764 2764 832 2828 foro
854 2781 972 2850 pompa
989 2767 1146 2847 constitit3
1169 2771 1211 2848 et,

166 2873 223 2936 per
243 2873 350 2914 manus
382 2864 463 2915 reste
484 2852 569 2929 data,
599 2853 730 2934 virgines
755 2871 864 2914 sonum
885 2853 968 2914 vocis
989 2855 1078 2936 pulsu
1099 2855 1211 2938 pedum

165 2939 364 3000 modrdantes
385 2940 584 3000 incesserunt.
613 2937 686 2998 inde
706 2938 775 2998 rico
793 2936 905 3000 -Tusco
926 2937 1144 3022 Velabroque,'
1157 2961 1212 3022 per

168 3022 315 3086 Boesium
337 3023 447 3101 forum,
469 3025 500 3084 in
523 3024 634 3083 clivum
656 3021 826 3084 Publicium
850 3035 942 3104 atque
964 3025 1059 3086 aedem
1081 3023 1211 3094 Junonis

169 3108 296 3191 Regina*
314 3121 497 3191 perrectum.
518 3109 562 3169 ibi
583 3107 650 3169 duoe
671 3109 777 3171 laostiae
792 3109 831 3170 ab
850 3109 1026 3171 decemviris
1050 3111 1213 3194 inmolata,

167 3207 204 3257 et
218 3195 379 3257 simulacra
392 3213 554 3276 cupressea
568 3194 600 3255 in
615 3194 710 3256 aedem
725 3195 833 3258 inlata.

166 3304 171 3314 ·
213 3278 393 3343 XXXVIII.
407 3279 475 3342 Diis
490 3281 546 3342 rite
566 3281 704 3362 placatis,
727 3282 879 3346 delectum
900 3284 1037 3350 consules
1059 3286 1213 3352 habebant
1227 3298 1318 3348 Acriter
1328 3298 1369 3348 bv

170 3368 272 3430 acrius
279 3367 494 3447 intentiusque,
505 3387 596 3447 quam
606 3369 754 3449 prioribus
767 3371 854 3433 annis
865 3374 1023 3454 quisquam
1032 3377 1213 3439 meminerat
1225 3365 1291 3414 betur
1300 3366 1377 3416 Μεθ’

171 3455 321 3516 hobitum.
336 3443 409 3515 nani
423 3466 456 3514 et
466 3453 536 3514 belli
552 3464 649 3516 terror
663 3455 834 3538 duplicatus
849 3460 918 3520 rrovi
931 3460 1027 3523 hostis
1044 3463 1075 3524 in
1092 3460 1212 3526 ltaliam
1224 3440 1271 3481 ’ω’

170 3540 323 3603 adventu:
347 3552 381 3602 et
403 3539 503 3600 minus
521 3537 687 3620 juventutis
708 3554 785 3621 erat,
808 3544 889 3606 unde
907 3546 1072 3611 scriberent
1091 3547 1212 3612 milites.

170 3625 280 3708 Itaque
294 3627 420 3688 colonos
435 3627 527 3686 etiam
542 3627 721 3706 maritimos,
737 3630 789 3710 qui
813 3631 1212 3698 ⁸sacrosanctamracatio-

170 3733 242 3774 nem
259 3713 436 3774 dicebantur
451 3712 574 3790 habere,
589 3713 661 3774 dare
685 3714 796 3777 milites
816 3718 976 3798 cogebant.
998 3722 1105 3802 quibus
1127 3743 1212 3784 recu-

169 3799 316 3876 santibus,
343 3797 462 3878 edixere
479 3798 509 3858 in
525 3797 606 3861 diem
621 3815 748 3878 certain,
762 3811 809 3879 ut,
830 3822 889 3883 quo
904 3805 1029 3886 quisque
1039 3805 1109 3888 jure
1123 3829 1213 3870 vaca-

169 3885 285 3958 tionem
299 3883 435 3961 haberet,
450 3883 491 3946 ud
505 3896 643 3948 senatum
666 3887 808 3951 deferret.
850 3887 898 3950 Ea
916 3890 966 3951 die
989 3892 1021 3953 hi
1047 3893 1150 3976 populi
1173 3895 1213 3956 ad

170 3980 308 4032 sensuum
338 3981 504 4033 venerunt:
524 3971 699 4052 Ostiensis,
712 3972 885 4054 ·Alsiensis,
911 3975 1031 4057 Antias,
1061 3977 1213 4059 Anxuras,

168 4131 173 4140 ·
200 4115 677 4180 ⁶⁸Nancinturr1llaecroxestlorecto
706 4121 900 4172 Festuminvoce
910 4125 992 4175 scribe.

169 4197 232 4240 usu,
249 4195 275 4231 et
289 4184 400 4246 juugitur
413 4199 466 4233 cum
482 4184 553 4231 verbo
570 4186 676 4246 turbavit,
719 4187 920 4237 '⁸Sucrotonctum
940 4190 1082 4254 secutionem]
1119 4191 1212 4258 Jureju.

168 4263 260 4311 praem
276 4249 339 4310 quui
356 4248 432 4298 Livius
449 4249 581 4314 κάμίαι,
596 4250 677 4298 ellatur
706 4252 778 4298 raudo
795 4252 929 4318 interposito
944 4255 1103 4313 sanciremus
1120 4269 1147 4306 ut
1162 4261 1212 4309 aine

169 4314 291 4372 ,mm
707 4330 789 4376 magno
799 4319 885 4367 scelere
896 4318 973 4366 violari
992 4335 1036 4368 uon
1055 4336 1138 4386 posset.
1166 4325 1213 4373 Eo·

199 4375 284 4425 msto
292 4375 365 4439 poe'to]
391 4378 458 4428 Liuio
476 4379 616 4443 Andronico,
634 4380 674 4443 qui
705 4380 1136 4439 demseremododitebaututtocrutae
1149 4390 1213 4455 leget,

166 4443 255 4506 primus
265 4442 345 4489 nm
361 4443 460 4493 fabulam
478 4447 595 4506 docuerat,
614 4459 675 4494 anno
706 4445 860 4510 dequibusad
870 4450 886 4501 l.
897 4463 928 4502 11.
939 4464 960 4499 c.
970 4451 1011 4502 33.

167 4524 194 4558 u.
207 4522 230 4556 c.
246 4509 302 4556 tlt.
334 4507 374 4558 De
387 4508 431 4560 bot
447 4511 497 4576 ejus
512 4513 612 4562 camiac
627 4511 673 4560 rid.
917 4529 918 4534 ¹

211 4593 286 4638 vot..
302 4594 339 4639 11.
746 4596 769 4642 E
783 4599 800 4642 e
