3092 5200
460 373 538 437 tm.
557 370 675 437 xxm.
704 374 788 438 ChP.
807 374 936 439 XXVII.
1172 386 1229 445 iss

180 533 335 618 jaculator
355 530 481 597 Maurus
504 546 639 614 cauato,
658 535 823 599 velocitate
842 534 919 618 pari,
949 534 1057 599 robore
1072 536 1166 599 animi
1181 538 1228 601 vi·
1241 562 1381 615 uam,

187 622 323 704 riumque
335 622 523 703 aliquantum
537 623 705 704 prestanti.
1241 628 1382 683 scats.

228 705 363 770 xxvii.
384 706 551 790 Postquam
580 728 679 790 neque
708 707 829 789 elicere⁴
847 707 974 772 Poenum
1011 708 1053 793 ad
1074 720 1228 772 certarnen

186 793 338 857 obversati
361 796 467 857 castris
481 806 636 877 poterant,
660 816 760 877 neque
780 806 949 859 castrorum
968 796 1161 879 obpugnatio
1182 796 1230 857 ia·

187 880 253 942 cilis
274 892 362 959 erat3
382 882 490 943 urbem
504 882 699 961 ”Ascuam¹,
714 902 776 963 quo
799 882 874 944 tinas
889 883 1023 944 hostium
1046 882 1230 963 ingrediens,

188 964 363 1030 Hasdrubal
385 968 570 1030 frumentum
592 981 838 1052 commeatusque
865 968 941 1031 alios
974 980 1169 1046 convexerat,
1200 970 1229 1030 vi

188 1054 323 1153 capiunt,
343 1054 486 1137 omnique
501 1054 583 1117 circa
597 1077 672 1138 agro
691 1056 860 1139 potiuntur.
883 1054 1028 1137 acejum,
1058 1056 1158 1117 autin
1173 1075 1229 1136 ag-
1252 1126 1256 1133 .

187 1158 279 1218 mune,
301 1141 408 1203 autin
443 1142 561 1218 castris,
597 1142 661 1203 ullo
693 1142 823 1225 imperio
852 1142 1012 1205 contineri.
1053 1141 1153 1213 Quam
1177 1142 1229 1203 ubi

186 1227 410 1308 neglegentiam
433 1246 473 1288 ex
498 1248 531 1289 re
549 1226 596 1306 (ut
616 1227 663 1309 iit)
679 1228 757 1290 bene
779 1240 867 1310 gesta
894 1228 965 1291 oriri
994 1239 1131 1291 senserat
1146 1226 1228 1291 Has-

187 1311 305 1392 drubal,
317 1314 493 1375 cohortatus
507 1314 632 1393 milites,
657 1327 693 1376 ut
708 1315 828 1396 palatos
851 1316 917 1378 sine
938 1314 1033 1396 signis
1049 1315 1151 1377 hostes
1172 1315 1227 1377 ad·

187 1399 394 1480 grederentur,
421 1400 580 1481 degressus
606 1401 695 1480 colle,
736 1402 837 1484 pergit
861 1402 905 1463 ire
930 1401 995 1463 acie
1015 1401 1163 1463 instructa
1189 1401 1229 1464 sd
1318 1400 1321 1408 '

185 1496 296 1548 castra.
319 1506 409 1567 quem
439 1497 475 1548 ut
504 1486 610 1549 adesse
636 1488 822 1551 tumultuose
854 1488 1033 1551 nunciavere
1063 1488 1229 1568 fugissem·

186 1590 225 1632 cx
239 1574 369 1655 speculis
383 1572 651 1654 stationibusque‘,
674 1573 715 1635 ad
740 1595 826 1643 erma
850 1574 1074 1637 conclamatum
1094 1584 1150 1635 est.
1183 1571 1229 1636 Ut

185 1658 312 1739 quisque
334 1679 421 1721 arma
443 1669 578 1741 ceperat,
593 1660 658 1721 sine
672 1660 812 1743 imperio,
832 1662 896 1723 sine
908 1662 1007 1741 signo,
1022 1660 1228 1742 incompositi,

186 1744 352 1806 inordinati
367 1746 400 1806 in
415 1744 555 1827 proelium
569 1758 672 1807 munt.
717 1744 789 1809 lam
805 1745 895 1829 primi
906 1756 1142 1808 conseruerant¹¹
1159 1766 1227 1808 ma-

184 1848 253 1907 nus,
278 1850 371 1912 quum
395 1831 447 1893 alii
470 1831 648 1894 catervatim
669 1844 837 1911 currerent,
853 1832 905 1895 alii
928 1830 1070 1893 nondum
1087 1852 1104 1892 e
1119 1832 1227 1894 castris

183 1915 326 1980 exissent.
349 1926 452 1979 tamen
470 1918 570 2001 primo
583 1918 651 2001 ipsa
665 1918 796 1981 audacia
810 1929 943 1981 terruere
953 1919 1084 1981 hostem.
1107 1917 1227 1996 deinde,

183 2002 243 2063 rari
256 2003 288 2063 in
311 2003 463 2066 consertos
481 2004 578 2083 inlati,
594 2024 687 2084 quum
704 2005 844 2089 paucitas
858 2025 965 2087 parum
986 2014 1054 2067 tuta
1073 2015 1164 2080 esset,
1179 2024 1227 2065 re·

183 2086 299 2170 spicere
323 2089 375 2151 alii
386 2090 473 2165 alios,
494 2101 527 2152 et
539 2090 674 2171 undique
685 2091 765 2174 pubi
784 2092 867 2152 coire
879 2092 910 2153 in
924 2091 1029 2152 orbem
1041 2112 1051 2169 3
1076 2092 1142 2151 ”et
1153 2089 1227 2151 dum

185 2175 360 2257 corporibus
387 2175 589 2259 adplicantur,
611 2196 755 2258 armaque
783 2178 873 2239 armis
899 2176 1045 2258 jungunt,
1070 2175 1100 2237 in
1127 2185 1226 2238 artum

184 2262 344 2343 compulsi,
359 2282 452 2343 quum
463 2263 514 2323 vix
528 2263 687 2324 movendis
702 2263 794 2324 armis
810 2264 884 2325 satis
899 2262 989 2345 spatii
1005 2272 1096 2339 esset,
1111 2280 1227 2323 corona

184 2346 318 2409 hostiam
343 2348 448 2426 cincti,
477 2348 519 2410 ad
544 2349 674 2411 multum
696 2349 757 2411 diei
786 2350 970 2411 cadumum·
992 2346 1112 2429 Exigua
1145 2366 1226 2429 pars,
1262 2348 1266 2361 '

184 2432 343 2515 eruptione
364 2434 456 2512 iactu,
478 2434 566 2496 siluas
589 2455 625 2497 ac
647 2445 767 2497 montes
789 2436 888 2518 petit:
912 2434 1036 2517 parique
1060 2444 1226 2497 terrorest

182 2530 282 2581 castra
292 2521 502 2601 suntdescrta,
518 2533 551 2582 et
569 2523 707 2584 universa
725 2542 801 2605 gens
816 2532 939 2606 postero
963 2521 1014 2583 die
1039 2521 1070 2581 in
1091 2520 1223 2582 deditis-

181 2626 252 2668 nem
266 2607 360 2670 venit.
397 2605 495 2669 ”Nec
516 2608 569 2670 diu
590 2609 622 2670 in
642 2619 774 2692 pacato⁸
792 2609 913 2671 mansit.
936 2629 1007 2670 nam
1031 2607 1157 2670 subinde
1185 2607 1225 2668 ab

183 2689 374 2775 Karthagine
395 2694 532 2756 adlatum
547 2706 605 2772 est,
625 2706 660 2757 ut
679 2693 853 2758 Hasdrubal
878 2695 978 2778 primo
998 2713 1118 2775 quoque
1143 2704 1223 2756 tem·
1236 2713 1367 2766 flamm

223 2798 257 2841 re
278 2780 309 2840 in
344 2777 465 2842 ltaliam
498 2782 665 2843 exercitum
699 2782 832 2844 duceret.
865 2801 931 2861 quse
952 2780 1076 2862 vulgata
1101 2801 1149 2842 res
1171 2781 1385 2864 perjurandu-

213 2865 362 2947 ispaniam
400 2868 536 2928 omnium
572 2867 666 2929 ierme
702 2868 822 2930 animos
859 2867 899 2930 ad
921 2867 1080 2929 Romanus
1102 2867 1223 2929 avertit.
1236 2860 1391 2960 ξζζξζῖζξ*

179 2947 287 3032 Itaque
307 2950 481 3014 Hasdmbai
506 2953 662 3036 extempio
687 2953 791 3016 literas
807 2951 1029 3034 Karthaginem
1043 2953 1151 3030 mittit,
1176 2953 1299 3028 imum,

182 3036 298 3115 dicans,
312 3049 428 3120 quanto
457 3038 542 3100 iama
557 3039 755 3120 profectionis
782 3059 841 3100 sua
856 3039 968 3100 damno
990 3038 1108 3100 iuisaet.
1132 3037 1224 3099 ‘⁸¹Si

181 3121 277 3184 ‘vero
292 3122 365 3184 iude
384 3135 536 3204 pergeret,
561 3125 736 3207 priusquam
750 3123 872 3186 Iberum
888 3125 1040 3201 transiret,
1066 3122 1224 3186 Romano·

182 3208 274 3270 ‘rum
297 3206 480 3292 Hispaniam
501 3209 576 3270 iore.
614 3206 707 3287 Nam,
738 3209 1036 3291 praeterquamquod
1050 3229 1106 3270 nec
1120 3209 1224 3291 praesi-

179 3293 302 3374 ‘dium,
324 3313 381 3355 nec
396 3294 505 3356 ducem
519 3295 657 3371 haberet,
681 3314 772 3377 quem
787 3294 970 3376 relinqueret
993 3315 1049 3376 pro
1078 3315 1133 3372 se,
1172 3315 1224 3356 eos

180 3381 191 3413 ‘
206 3381 405 3464 imperatores
420 3401 485 3442 esse
501 3380 668 3458 Romanos,
695 3381 804 3462 qsribus
818 3382 870 3442 vix
892 3381 983 3462 aquis
997 3379 1108 3442 viribus
1124 3381 1222 3442 resisti

178 3467 189 3500 ‘
204 3468 310 3548 possit.
356 3464 464 3548 Itaque
475 3467 500 3528 si
515 3467 578 3528 ulla
592 3465 748 3550 Hispaniae
762 3489 837 3529 cura
848 3480 936 3546 esset,
949 3487 1151 3529 successorem
1165 3467 1223 3528 sibi

177 3555 274 3616 ‘cum
298 3551 401 3632 valido
416 3555 551 3616 exercitu
570 3553 755 3617 mitterent:
782 3553 877 3633 82ειιί,
897 3566 931 3616 ut
949 3553 1053 3615 omnia
1081 3574 1223 3637 prospere

177 3640 368 3717 ‘evenirent
383 3659 445 3702 non
461 3652 565 3703 tamen
579 3641 711 3703 otiosam
726 3640 915 3723 provinciam
926 3638 1014 3703 iore!

178 3762 461 3816 'momen
558 3761 874 3830 'amiciirfigientesssaed
1035 3799 1042 3812 .

288 3837 316 3901 ,¹
330 3827 573 3879 mmmmwGroa.
918 3834 931 3861 ¹
1085 3861 1092 3876 .

208 3917 350 3980 ’daal
372 3917 685 3980 Noussnignotmnomni-
748 3919 771 3952 ’i
803 3917 900 3966 &aare
927 3919 979 3966 indo
1005 3915 1224 3981 pergem1Nob'n

176 3981 380 4048 mesogrrplris.
402 3982 686 4048 &rptictmsrasditi
715 3991 821 4045 rupeas
852 3991 889 4031 ast
920 3981 971 4031 bat
1002 3981 1110 4044 iaqumu
1140 3982 1221 4030 torma.

176 4045 373 4161 Ιιιέιέῗη,
515 4113 569 4162 Md
717 4047 791 4096 Possis
811 4047 905 4108 legerer
930 4049 949 4095 ιι·
974 4061 1056 4094 murs
1075 4046 1127 4094 tude
1143 4061 1221 4112 pergr-

175 4112 524 4291 aab&
542 4112 685 4305 „l
713 4123 876 4300 hu
891 4173 1221 4306 *aarum

332 4259 340 4293 ι
418 4258 555 4306 uncum
795 4257 833 4289 erar
871 4257 951 4320 ossam.
989 4305 995 4318 υ
1189 4270 1219 4318 ι.

175 4306 352 4430 wis·
367 4373 394 4422 s·
404 4373 582 4436 masse]
597 4371 683 4421 nos·-
712 4305 894 4448 {302le
903 4302 1221 4434 awdlsqlllsul'llff

176 4422 558 4502 summissam:
584 4452 624 4488 m
642 4438 684 4487 us
713 4435 995 4490 enumeramus-r.

173 4500 521 4568 stfli’l’lbssffl·
960 4521 963 4528 ’
