3092 5200
292 402 349 455 100
705 394 792 455 arm
813 394 914 455 mvn
981 468 983 473 ,

120 554 159 606 tt.
168 555 199 606 c,
208 559 264 607 53⁶.
289 545 371 627 parti
376 545 499 627 utrique
531 545 670 609 tabuisse
680 548 782 609 ”novi
795 546 935 629 praesidii,
947 566 1016 608 cum
1026 546 1065 617 Q.
1076 543 1172 609 Fabio
1184 546 1222 606 ab
1231 544 1334 608 Roma

125 618 267 674 “2²¹⁷-
291 631 472 694 venientis‘2
528 632 699 694 annibalem
714 633 891 694 insidiarum
907 653 1027 713 quoque
1043 632 1154 713 aliquid
1172 631 1332 694 timentem

292 712 442 801 recepisse
457 741 545 781 suos:
562 717 734 781 Romanum
746 718 928 796 insecutum,
937 716 1098 800 adjuvante
1110 716 1260 797 Samnite,
1270 719 1331 799 duo

289 806 419 867 castella
432 828 469 867 eo
485 805 533 866 die
547 811 756 889 expugnasse:
773 826 828 867 sex
844 806 940 867 millia
954 805 1087 868 hostium
1102 826 1190 882 caesa,
1201 805 1333 885 quinque

244 925 247 932 ,
290 892 457 953 admodum
469 891 688 953 Romauomm.
700 904 804 953 tamen
815 892 846 952 in
856 903 920 967 tam
931 893 998 974 pari
1010 913 1106 975 prope
1117 890 1206 952 clade
1217 890 1332 953 famam

289 978 420 1060 egregiae
433 977 567 1057 victoriae
581 999 652 1041 cum
666 977 838 1040 vanioribus
853 978 947 1040 literis
958 978 1094 1060 magistri
1111 978 1247 1059 equitum
1267 974 1333 1039 Ro-

290 1064 543 1146 mamperlatam.

334 1146 435 1212 xiv.
455 1148 503 1212 De
519 1151 566 1211 his
587 1151 676 1212 rebus
699 1172 833 1234 persaepe
854 1161 909 1214 et¹²
924 1150 955 1211 in
970 1161 1077 1212 senatu
1092 1161 1124 1214 et
1140 1150 1170 1227 in
1183 1147 1331 1211 concione

290 1245 393 1297 actum
408 1248 464 1317 est.
495 1235 608 1317 Quum,
620 1238 690 1298 laeta
698 1237 834 1315 civitate,
844 1237 975 1299 dictator
986 1256 1064 1297 unus
1074 1236 1151 1297 nihil
1167 1234 1331 1311 necfamae,

290 1344 349 1384 nec
364 1322 458 1385 literis
472 1323 630 1399 crederet;
653 1335 688 1385 ut
702 1344 773 1385 vera
788 1325 891 1385 omnia
905 1333 1015 1400 essent,
1027 1322 1158 1383 secunda
1173 1343 1205 1383 se
1221 1320 1331 1402 magis,

124 1410 272 1490 θζξῐῐοΜθ·
291 1430 383 1490 quam
396 1410 531 1486 adversa,
542 1410 649 1489 timere
664 1410 799 1471 diceret:
823 1420 887 1471 tum
904 1406 950 1469 M.
964 1406 1102 1487 Metilius
1117 1408 1252 1468 tribunus
1263 1407 1330 1489 ple·

122 1472 246 1589 {2⁸¹3}
290 1497 348 1574 bis,
362 1496 374 1529 ‘
389 1496 515 1575 idgenim
529 1495 685 1577 ferendum
701 1494 777 1558 esse'
790 1507 891 1577 negat.
934 1492 1026 1556 ‘Non
1041 1506 1218 1577 presentem
1231 1492 1329 1575 solum

124 1576 199 1656 Uim.
226 1558 251 1590 ι’
289 1583 301 1616 ‘
315 1584 499 1645 dictatorem
514 1581 665 1643 obstitisse
681 1582 723 1644 rei
744 1583 822 1643 bene
837 1580 986 1663 gerenda,
1001 1578 1055 1659 sed
1065 1580 1218 1641 absentem
1233 1579 1327 1639 etiam

289 1670 301 1704 ‘
315 1682 409 1752 gesta
418 1670 555 1731 obstare:
573 1679 605 1729 et
616 1668 647 1749 in
659 1668 798 1730 ducendo
811 1669 891 1729 bello
900 1666 1006 1729 sedulo
1016 1676 1135 1747 tempus
1151 1677 1256 1741 terere,
1269 1684 1330 1744 quo

289 1756 427 1819 ‘diutius
442 1756 474 1817 in
496 1755 677 1836 magistratu
702 1755 753 1832 sit,
775 1754 916 1835 solusque
937 1766 968 1815 et
982 1752 1087 1815 Romae
1103 1752 1181 1815 etin
1196 1750 1331 1813 exercitu

287 1844 475 1925 ‘imperium
490 1841 613 1902 habeat.
656 1840 778 1923 Quippe
800 1840 957 1902 consulum
980 1839 1108 1901 alterum
1121 1838 1153 1899 in
1169 1838 1234 1899 acie
1249 1836 1330 1897 ceci-

287 1930 414 2006 ‘disse3
435 1928 574 2006 altemm,
594 1927 695 2010 specie
719 1926 824 1987 classis
846 1925 966 1987 Punicae
987 1926 1210 2007 persequendae,
1226 1922 1330 2007 procul

199 2048 201 2053 v
287 2015 354 2076 ‘ab
375 2014 465 2076 ltalia
484 2014 668 2095 ablegatum.
710 2010 796 2074 Duos
812 2022 952 2095 praetores
968 2008 1072 2073 Sicilia
1084 2023 1174 2092 atque
1190 2004 1331 2071 Sardinia

287 2101 301 2135 ‘
313 2115 493 2183 occupatos,
507 2104 668 2179 ”quorum
686 2109 796 2160 neutra
810 2100 868 2159 hoc
884 2110 1021 2179 tempore
1035 2098 1191 2181 provincia
1204 2106 1332 2180 praetore

287 2188 412 2267 ‘egeat
456 2184 503 2247 M.
518 2182 688 2245 Minucium
700 2184 880 2266 magistrum
900 2185 1097 2267 equitumue
1111 2185 1232 2245 hostem
1245 2181 1331 2243 vide-

287 2273 373 2351 ‘ret,
386 2293 426 2333 ne
437 2272 510 2353 quid
523 2271 567 2332 rei
578 2271 692 2332 bellica
706 2280 835 2352 gereret,
852 2291 946 2353 prope
955 2270 986 2331 in
996 2270 1166 2333 custodiam
1182 2266 1330 2330 habiturn.

287 2356 432 2438 ‘ltaque
447 2354 591 2441 Hercule,
612 2378 676 2418 non
698 2354 855 2418 Samnium
871 2356 974 2435 modo,
997 2377 1058 2437 quo
1074 2354 1151 2437 jam,
1174 2366 1330 2436 tamquam

287 2446 399 2507 ‘trans
411 2442 531 2505 Iberum
547 2464 631 2525 agro,
651 2441 752 2524 Poenis
771 2463 948 2505 concessum
964 2442 1015 2521 sit,
1029 2454 1079 2505 et¹
1094 2446 1120 2481 ³⁴
1129 2440 1331 2524 Campanum,

289 2528 536 2614 ‘Calenumque,
555 2541 587 2591 et
609 2527 770 2591 Falernum
791 2538 899 2612 agrosy
918 2540 1115 2612 peruastatos,
1129 2528 1254 2608 sedente
1269 2525 1344 2589 Ca·.

288 2616 396 2679 ‘silini
421 2617 582 2694 dictatore,
605 2627 639 2678 et
662 2615 831 2697 legionibus
852 2615 956 2699 populi
975 2615 1106 2678 Romani
1122 2636 1228 2698 agrum
1243 2634 1330 2676 suum

286 2703 447 2766 ‘tutante
461 2702 628 2764 exercitum
643 2702 813 2785 cupientem
830 2723 976 2784 pugnare,
1000 2715 1031 2764 et
1052 2702 1230 2784 magistrum
1245 2699 1332 2782 equi-

287 2790 394 2867 ‘tum,
414 2789 532 2851 clausos
555 2809 649 2872 prope
672 2789 755 2851 intra
772 2789 884 2850 vallum
905 2799 1061 2866 retentos3
1086 2801 1241 2870 tamquam
1258 2787 1331 2848 hos·

288 2876 397 2936 ‘tibus
420 2875 546 2958 captivis
569 2895 655 2936 arma
680 2874 814 2938 ademta.
839 2873 976 2952 tandem,
1001 2886 1036 2937 ut
1061 2874 1238 2936 abscesserit
1259 2872 1330 2934 inde

288 2960 449 3024 ‘dictator
458 2985 468 3039 3
491 2971 526 3022 ut
540 2960 698 3022 obsidione
712 2960 867 3039 liberatos,
892 2971 979 3022 extra
998 2961 1110 3022 vallum
1130 2981 1266 3042 egressos
1281 2958 1330 3019 lu·

286 3047 302 3080 ‘
317 3047 396 3109 disse
411 3069 448 3109 ac
468 3047 588 3130 fugasse
613 3046 729 3108 hostes.
773 3045 856 3130 Quas
880 3047 919 3108 ob
945 3067 1002 3122 res,
1016 3047 1042 3108 si
1057 3047 1198 3126 antiquus
1214 3045 1331 3106 animus

287 3132 396 3215 ‘plebi
408 3133 554 3196 Romanae
564 3142 653 3211 esset,
662 3132 818 3195 audaciter
827 3155 859 3193 se
868 3132 998 3194 laturum
1005 3131 1096 3194 fuisse
1105 3132 1144 3193 de
1155 3130 1334 3213 abrogando

286 3217 352 3290 ‘Q.
375 3215 462 3282 Fabii
487 3219 629 3302 imperio:
657 3240 737 3282 nuuc
762 3219 915 3281 modicam
940 3218 1130 3302 rogationem
1156 3217 1332 3301 promulga-

285 3303 416 3368 ‘tumm
443 3305 482 3368 de
508 3304 819 3389 aquando‘mngistri
846 3304 982 3386 equitum
1010 3316 1041 3367 et
1067 3305 1225 3366 dictatoris
1239 3302 1330 3385 jure:

289 3438 301 3473 ἱ
314 3441 364 3488 uoci
374 3438 472 3497 aaut,
480 3435 663 3550 tpa'qqalqroegair‘o
671 3437 699 3485 ab
709 3435 779 3487 Rotae
790 3441 887 3489 maioma
897 3439 974 3548 cm}
1069 3437 1164 3553 'Ezddel
1176 3435 1248 3486 Grou.
1260 3437 1332 3486 Crev.

615 3537 621 3550 ·
989 3519 1069 3568 ‘W'

319 3609 345 3643 θ’
370 3607 427 3655 Noni
444 3607 540 3669 presidii
559 3623 610 3654 cuns
631 3605 660 3660 Q.
681 3605 748 3654 Fabio
768 3608 795 3654 alr
826 3611 897 3658 cincio
921 3617 1012 3672 pretore
1033 3607 1109 3674 egent]
1135 3607 1182 3658 Hic
1207 3606 1278 3664 facile¹
1295 3617 1333 3657 ut

289 3670 487 3733 nasamonas]
503 3671 592 3720 Omnes
609 3673 680 3720 nostri
695 3671 794 3735 codices,
826 3690 946 3736 agnoscere
970 3673 1135 3725 intolerandum
1155 3686 1277 3722 structura
1296 3673 1333 3720 vi·

286 3737 481 3800 quenadmodum
500 3749 524 3785 et
544 3733 690 3793 Gronoviani,
709 3737 795 3786 hebent
826 3739 893 3798 tium,
919 3741 979 3802 quod
1002 3739 1083 3788 tollere
1103 3739 1157 3789 licet
1178 3739 1253 3788 deleta
1275 3752 1332 3786 rore

286 3803 391 3864 presidii.
418 3816 464 3850 aon
488 3800 585 3859 rudddr‘i,
610 3803 723 3865 quomodo
743 3803 794 3851 rul·
823 3817 923 3866 pretore.
961 3803 1069 3867 Quorum,
1096 3819 1180 3868 nempe
1200 3814 1334 3868 pratorum,

285 3868 343 3928 gari.
375 3865 505 3914 Presidium
521 3867 580 3915 nibil
595 3867 655 3915 aliud
668 3878 711 3926 est,
726 3883 794 3932 quam
825 3877 904 3916 neutro
914 3869 953 3916 lor
962 3872 1248 3934 tenporepruur'rrcr'uegsot.
1270 3867 1332 3916 'l'stu

287 3932 388 3980 militum
400 3947 489 3990 manus,
502 3943 529 3981 ut
539 3931 595 3980 alibi
604 3945 715 3981 notarum.
747 3934 794 3980 Ce-
825 3933 917 3990 dicitur,
934 3949 996 3998 egere
1014 3933 1111 3996 clicqp'us
1124 3937 1166 3997 rei,
1185 3949 1253 3998 quam
1271 3947 1334 3997 egere

287 4005 340 4044 tera
359 3999 431 4060 hujus
446 3996 489 4046 loti
509 3997 541 4046 tic
559 3999 686 4046 formantur
704 3999 728 4045 in
747 3999 795 4045 edi·
825 3999 900 4058 alipta
910 4015 943 4046 re.

285 4062 332 4108 thr
349 4070 452 4124 tunquam
474 4060 540 4110 sano
557 4063 585 4110 od
605 4061 676 4111 Romo
690 4063 795 4111 uniente.
857 4061 880 4096 ³⁴
903 4061 1046 4123 Campanam,
1066 4061 1150 4112 Colerra
1187 4077 1223 4117 ue.
1244 4071 1266 4110 et
1287 4059 1333 4109 Fu.

287 4123 340 4173 Not
354 4138 543 4193 reprnentrmoe
561 4128 692 4194 ipsissimam
710 4127 795 4174 Putea·
827 4127 911 4174 braum
936 4142 1016 4190 ugrunr
1040 4135 1171 4190 precatam
1209 4123 1255 4176 Vel
1281 4125 1333 4186 lege

288 4189 335 4263 op}
352 4199 377 4236 et
399 4189 510 4239 Victorini
530 4195 632 4242 codicum
652 4193 796 4270 coaptarem,
826 4205 898 4254 agros,
921 4193 1034 4254 quomodo
1057 4191 1129 4242 habet
1156 4206 1215 4241 untu
1237 4189 1335 4240 Haemii

287 4253 795 4385 &sublimatam
826 4254 1335 4386 dattlltlttttttttrtbtd

285 4378 514 4454 wssflllsttler·
548 4387 579 4435 Et
595 4388 675 4436 eodem
690 4385 793 4435 alludunt
826 4385 1056 4452 enimhicsuppleri,
1074 4397 1232 4454 quumemet
1245 4386 1335 4454 ogroitt

285 4449 537 4494 monuerant.
826 4451 1025 4516 strperiorererrtt.

316 4504 793 4578 ”thnentrnlrocmppraepm.
