3092 5200
360 375 421 432 260
781 365 987 429 matun

195 533 334 589 msto.
362 525 495 588 ‘tatem
515 519 620 585 Vistu
638 523 727 601 mari,
744 523 790 586 vis
808 535 900 601 terra,
918 522 963 584 vis
985 522 1064 602 acie,
1082 522 1264 586 visurbibus
1286 523 1409 607 obpug-

196 599 336 655 ΜΗ·
363 611 499 674 ‘nandis
524 611 654 693 experiri
681 610 846 673 virtutem
867 609 1038 693 ,προπίω
1063 629 1186 692 quaeque
1210 611 1251 673 ad
1272 611 1409 673 laborem

364 698 614 782 ‘periculumque
636 697 839 781 deposcimus,
862 710 908 773 ut,
932 696 1014 780 quod
1033 696 1075 759 ad
1097 695 1218 760 Cannas
1230 697 1408 760 inmundum

364 787 375 820 ‘
389 785 457 864 fuit,
472 784 694 868 quamprimum
708 783 784 861 fiat3
811 783 967 864 quoniam,
980 783 1129 865 quidquid
1142 795 1251 867 postea
1263 785 1404 863 viximus,

364 871 376 906 ‘
390 871 421 932 id
437 890 529 934 omne
543 871 729 934 deninatum
743 870 906 952 ignomiuae
918 868 987 931 cst'

197 961 324 1040 Mag,
407 955 478 1020 Vll.
494 956 557 1020 Sub
572 957 636 1019 hnc
651 954 1288 1039 dictaadgenuaMarcelliprocubuemnt.
1318 956 1405 1020 Mar-

198 1039 335 1142 ffl‘lm'
364 1045 458 1108 cellus
473 1044 506 1107 id
517 1065 575 1106 nec
583 1043 672 1125 juris,
682 1063 740 1105 nec
754 1042 918 1125 potestatis
927 1063 988 1104 surse
999 1063 1064 1104 esse
1074 1044 1163 1106 dixit.
1177 1045 1296 1107 serrensi
1308 1045 1368 1106 scri

268 1125 277 1141 '
364 1144 466 1195 turum
480 1151 523 1210 se,
534 1132 698 1212 omniaque
713 1129 752 1191 de
764 1130 918 1192 sententia
932 1127 1054 1192 Petrum
1070 1129 1219 1193 lactumm
1233 1152 1311 1193 esse.
1381 1150 1407 1192 ae

355 1220 457 1281 ‘litere
471 1218 512 1282 ad
525 1238 619 1280 novos
633 1215 773 1279 consules
784 1216 902 1294 adlata,
918 1236 955 1277 ac
969 1237 1023 1298 per
1036 1237 1089 1278 eos
1104 1217 1135 1278 in
1149 1229 1256 1280 senatu
1269 1217 1406 1280 recitatae

199 1313 298 1390 &aaa
307 1328 344 1363 se·
365 1317 455 1368 sunt:
471 1305 684 1384 condasque
700 1303 739 1365 de
752 1303 801 1364 his
812 1302 906 1365 literis
918 1303 963 1364 ita
973 1302 1108 1365 decrevit
1117 1305 1237 1366 anama
1247 1326 1256 1361 ε
1268 1304 1279 1336 ‘
1290 1302 1405 1366 Militi·

196 1391 288 1428 ’ω’
366 1392 378 1425 ‘
390 1392 456 1469 bus,
467 1391 518 1472 qui
527 1388 694 1451 adCarrnas
699 1389 924 1452 commilitones
934 1409 1005 1450 suos
1015 1400 1185 1472 pugnantes
1196 1389 1406 1468 deseruissent,

142 1491 146 1498 ’
365 1479 531 1540 ‘senam
545 1476 621 1538 nibil
635 1475 749 1552 ridere,
760 1496 816 1537 cur
828 1475 1000 1557 respublica
1009 1475 1287 1539 committendasit.
1311 1473 1347 1538 Si
1355 1473 1405 1538 M.

366 1565 378 1598 ‘
391 1562 521 1626 Claudio
534 1562 709 1646 proconsuli
720 1561 809 1624 aliter
818 1561 980 1641 videretm,
990 1561 1117 1640 iaceret,
1128 1562 1211 1643 quod
1224 1562 1406 1646 erepublica

365 1648 1408 1817 {miiirliif'ill'llifflffiiiili'iw

1004 1779 1015 1813 ‚
1390 1769 1405 1782 .

364 1825 375 1858 ‘
389 1836 481 1902 reno,
491 1825 589 1887 donec
599 1818 1027 1885 hostisinterraltaliaemet!
1041 1820 1177 1884 Comitia
1185 1821 1324 1884 deindea
1333 1841 1407 1906 pra·

363 1923 431 1973 tore
445 1911 562 1973 urbano
577 1910 616 1972 de
631 1922 755 1972 senams
769 1910 921 1971 muntia
933 1909 1090 1990 plebisque
1107 1909 1185 1970 scitu
1196 1919 1269 1970 sunt
1282 1909 1405 1972 habita:

363 1999 473 2078 quibus
487 1997 580 2060 creati
598 2009 670 2059 sunt
686 1995 873 2078 quinqueviri
894 1996 988 2057 muris
1009 1994 1405 2078 mamentianos:

363 2095 396 2146 et
410 2085 555 2146 triumviri
576 2083 655 2161 bini3
680 2077 732 2145 uni
747 2086 772 2123 ⁴¹
784 2083 877 2144 sacris
890 2081 1113 2162 conquirendis,
1127 2081 1274 2162 donisque
1285 2081 1403 2164 persig-

361 2171 490 2247 nandis3
517 2170 604 2232 alteri
627 2168 796 2232 reficiendis
815 2169 927 2231 adibus
949 2168 1089 2231 Fortunae
1106 2178 1139 2230 et
1151 2169 1258 2229 matris
1272 2165 1405 2230 Manrtoe

363 2256 444 2318 intra
462 2267 583 2338 portam
608 2254 846 2333 Carmentalem,
864 2254 919 2340 sed
938 2267 972 2318 et
994 2253 1064 2338 Spei
1082 2266 1170 2318 esua
1188 2266 1404 2337 portamque

361 2342 461 2424 priore
476 2362 557 2404 anno
576 2341 719 2404 incendio
736 2354 902 2404 consumta
920 2342 1052 2405 fuerant.
1091 2339 1303 2423 Tempestates
1318 2339 1407 2402 fala

363 2426 464 2490 iirere.'
501 2427 537 2490 ln
551 2427 673 2490 Albano
687 2439 794 2490 monte
810 2429 935 2490 biduum
948 2429 1143 2492 continenter
1152 2427 1304 2510 lapidibus
1318 2425 1406 2509 pluit.

361 2525 446 2576 tacta
462 2514 501 2576 dc
511 2513 591 2576 coelo
601 2515 718 2577 multa:
735 2514 801 2576 duae
815 2514 847 2575 in
858 2513 1013 2599 Capitolio
1023 2515 1120 2577 sedes:
1134 2514 1245 2577 vallum
1257 2514 1289 2574 in
1299 2512 1406 2574 casmis

361 2601 464 2663 multis
475 2602 550 2664 locis
562 2622 653 2684 snpra
667 2598 854 2680 Suessulam,
869 2612 903 2665 et
913 2602 975 2663 duo
988 2602 1094 2685 vigiles
1109 2600 1280 2663 exanimati.
1298 2619 1402 2660 murus

360 2700 516 2769 niuesque
528 2688 665 2770 quasdam
675 2687 782 2750 Gumis
797 2709 860 2750 non
872 2689 940 2751 icta
950 2690 1044 2751 modo
1055 2686 1297 2765 fulminibus,sed
1305 2686 1400 2747 etiam

359 2773 501 2837 decunsae.
546 2774 643 2837 Reate
657 2794 766 2837 saxum
777 2774 886 2856 ingens
896 2774 994 2836 visum
1008 2775 1156 2837 volitare:
1171 2774 1217 2836 sol
1227 2774 1332 2834 rubere
1345 2792 1401 2833 so·

358 2860 414 2923 lite
429 2862 537 2943 magis,
548 2864 773 2943 sanguineoque
788 2860 906 2922 similis.
950 2857 1069 2921 Horum
1081 2860 1284 2941 prodigiorum
1294 2878 1402 2921 caussa

337 2953 341 2959 ’
359 2947 442 3009 diem
456 2966 551 3009 unum
566 2948 748 3030 supplicatio
763 2947 832 3023 fuit,
846 2956 879 3007 et
891 2965 947 3028 per
957 2943 1076 3026 aliquot
1089 2946 1155 3007 dies
1165 2946 1302 3007 consules
1313 2946 1403 3007 rebus

192 3036 290 3116 osque
297 3036 345 3084 T·-
358 3033 466 3095 divinis
481 3053 607 3117 operam
622 3033 791 3096 dederunt:
812 3041 845 3093 et
859 3051 913 3113 per
927 3031 1052 3093 eosdem
1066 3031 1132 3094 dies
1145 3052 1266 3093 sacrum
1278 3050 1404 3093 uorem

192 3101 334 3217 ffilffi‘t'
358 3120 439 3184 diale
458 3119 526 3183 fuit.
570 3120 673 3190 Quum
686 3116 923 3181 Tarentinorum
945 3116 1081 3180 defectio
1095 3116 1163 3199 jam
1182 3118 1235 3181 diu
1254 3118 1335 3181 etin
1348 3136 1402 3201 spe

265 3182 287 3230 ⁸¹
332 3200 339 3217 ⁸
358 3206 537 3284 Hannibali,
549 3216 581 3269 et
595 3206 627 3267 in
642 3206 813 3289 susspicione
826 3202 972 3267 Romanis
983 3215 1074 3282 esset,
1084 3205 1278 3267 monforte
1288 3205 1403 3267 extrin-

359 3315 446 3357 secus
460 3293 648 3356 maturandae
660 3292 725 3375 ejus
737 3291 909 3354 intervenit.
939 3288 1059 3353 Phileas
1068 3288 1263 3369 Toentinus,
1275 3292 1327 3353 diu
1337 3289 1403 3371 jam

360 3402 415 3464 per
428 3381 562 3463 speciem
577 3379 738 3461 legationis
750 3376 858 3440 Roma
878 3396 972 3461 quum
990 3387 1081 3455 esset,
1096 3377 1141 3439 vir
1155 3376 1281 3458 inquieti
1296 3378 1400 3455 animi,

359 3480 392 3529 et
406 3466 531 3527 minime
540 3465 649 3541 otium,
659 3484 719 3545 quo
731 3475 797 3524 turm
810 3462 928 3526 diutino
936 3482 1093 3525 senescere
1103 3464 1271 3540 videbann,
1282 3464 1406 3545 patien-

358 3554 409 3627 tis,
440 3550 556 3612 aditum
575 3549 633 3611 sibi
657 3548 695 3609 ad
721 3547 843 3610 obsides
867 3547 1049 3613 Tarentinos
1072 3549 1197 3612 inuenit.
1239 3549 1401 3611 Custodie-

360 3638 471 3699 bantur
485 3635 517 3696 in
536 3634 615 3696 atrio
635 3630 800 3696 Libertatis
823 3635 944 3697 minore
958 3656 1041 3715 cura,
1066 3637 1139 3718 quia
1160 3658 1218 3698 nec
1242 3635 1315 3719 ipsis
1332 3656 1401 3715 nec,

359 3722 475 3787 civitati
487 3741 592 3807 eorum
602 3720 706 3784 fallere
717 3718 875 3783 Romanos
884 3722 1076 3804 expediebat
1112 3721 1192 3803 Hos,
1206 3723 1317 3787 crebris
1328 3744 1402 3785 con-

359 3808 468 3893 loquiis
493 3806 682 3888 sollicitatos,
706 3802 862 3893 conruptis
884 3809 1003 3871 aedituis
1028 3809 1157 3888 duobus,
1180 3829 1273 3891 quum
1297 3810 1403 3892 primis

359 3896 492 3961 tenebris
507 3894 646 3957 custodis
660 3895 826 3973 eduxisset,
851 3895 916 3978 ipse
931 3916 1034 3959 comes
1048 3895 1160 3959 occulti
1175 3896 1291 3958 itineris
1305 3895 1403 3958 laenis

358 3984 505 4069 profugit.
549 3979 632 4044 Luce
657 3982 756 4065 prima
783 3981 905 4063 vulgata
932 4003 986 4064 per
1014 3982 1120 4045 urbem
1141 3982 1214 4064 suga
1236 3992 1301 4043 este
1328 3982 1404 4043 mis-

388 4082 480 4133 unam
489 4100 517 4133 ne
526 4085 575 4147 quir
581 4098 654 4131 somn
667 4098 755 4132 munere
764 4080 862 4144 namra]
895 4094 919 4133 et
928 4083 980 4131 abbi
991 4082 1081 4148 saepius.

357 4148 443 4199 Manus
452 4151 491 4199 hic
501 4161 536 4199 est
547 4164 605 4198 onus
623 4148 729 4205 militare.
739 4148 806 4212 quale
818 4160 863 4212 est,
926 4148 947 4182 ¹¹
958 4147 1031 4197 Sacris
1040 4148 1198 4211 mmulnudir,
1208 4144 1309 4207 donisque
1314 4145 1403 4209 persig-

353 4213 452 4275 iignum,
461 4216 674 4279 ioenum,strameu,
686 4213 804 4277 squamis
813 4228 862 4262 cas·
894 4212 984 4275 madir]
995 4213 1160 4277 conquirendis
1165 4212 1298 4273 namqu
1306 4206 1403 4261 inerant

355 4290 390 4327 trs
400 4293 498 4341 portare,
509 4282 554 4329 bc.
577 4280 609 4329 lis
619 4294 697 4329 sutem
707 4279 815 4329 oneribus
823 4296 862 4327 ra-
895 4279 1014 4327 insedibus
1025 4279 1145 4343 dequibus
1162 4276 1229 4333 inira,
1245 4275 1321 4342 priore
1339 4290 1401 4325 sano

355 4405 863 4461 r..
894 4342 1000 4457 lue
1016 4340 1301 4460 annm,
1374 4343 1406 4453 e

354 4442 475 4537 pseunu'a
485 4474 654 4535 centuriqoibua
662 4476 776 4524 redbaerc
783 4474 863 4523 solitos
892 4472 947 4522 lica
961 4425 1088 4524 lem
1106 4475 1182 4539 dosis,
1201 4490 1253 4541 qun
1268 4422 1402 4525 masmar

355 4550 405 4593 esst
417 4534 502 4588 milites
513 4536 579 4589 dotet
593 4538 649 4591 Tse.
656 4536 674 4591 l.
684 4552 702 4590 1.
714 4540 780 4593 nm.
790 4555 812 4591 c.
824 4540 863 4615 17ς
893 4536 1031 4605 crunnus
1043 4542 1128 4593 went.
