3092 5200
335 376 374 430 80
752 372 837 432 utut
857 371 959 433 Ltvlt

167 520 306 638 Um
334 539 545 612 praeruptaque
574 529 658 591 velut
681 527 752 592 caeci
787 527 940 590 evadunt:
971 545 1117 609 armaque
1145 536 1178 589 et
1204 527 1261 588 viri
1292 544 1381 610 super

167 593 199 644 ἡ
233 623 239 638 ·
299 617 308 635 “
335 613 429 676 alium
452 615 503 676 alii
526 616 761 698 praecipitantur.
806 613 879 676 Pars
902 633 1025 694 magna,
1050 612 1102 675 ubi
1124 612 1209 676 locus
1231 612 1312 694 fug-a
1327 615 1381 677 de·

335 711 392 778 est,
408 722 460 782 per
477 702 575 783 prima
588 702 670 774 vada
689 702 807 784 paludis
831 701 863 762 in
885 719 995 782 aquam
1016 700 1180 781 progressi,
1202 700 1304 781 quoad
1326 721 1380 764 ca·

334 787 449 869 pitibus
473 788 665 870 humerisque
687 800 807 850 exstare
822 797 961 870 possunt,
986 806 1053 848 sese
1074 786 1260 867 inmergant.
1286 787 1380 865 suere,

326 894 409 956 ‚quos
425 875 613 937 inconsultus
637 897 730 958 pavor
752 874 854 936 nando
875 873 968 934 etiam
991 893 1150 955 capessere
1172 873 1275 954 fugam
1291 874 1379 954 inpu-

335 959 415 1022 lerit.
459 961 533 1031 Quas
555 962 607 1022 ubi
622 962 761 1024 inmensa
775 981 811 1022 ac
833 960 898 1021 sine
920 980 975 1041 spe
996 970 1074 1036 erut,
1100 970 1155 1020 aut
1168 959 1378 1023 deficientibus

328 1046 444 1122 'animis
467 1048 683 1110 hauriebantur
705 1047 886 1130 gurgitibus,
911 1059 965 1109 aut
985 1038 1192 1127 nequidquam
1215 1045 1286 1107 lessi
1301 1047 1379 1109 vada

335 1145 417 1194 retro
440 1134 594 1215 egerrime
619 1135 811 1216 repetebant,
842 1145 934 1212 atque
965 1132 1007 1192 ibi
1034 1133 1073 1193 ab
1099 1131 1241 1213 ingressis
1268 1151 1377 1212 aquam
1411 1145 1416 1152 ·

335 1218 470 1282 hostium
489 1221 641 1301 equitibus
663 1221 777 1303 passim
799 1219 1038 1282 trucidabantur.
1082 1216 1144 1280 Sex
1166 1218 1263 1280 millia
1284 1217 1379 1282 ferme

333 1307 423 1388 primi
440 1307 580 1388 agminis,
606 1327 659 1388 per
683 1308 824 1368 adversos
846 1307 950 1368 hostes
974 1306 1133 1387 eruptione
1155 1305 1273 1386 inpigre
1294 1305 1377 1369 facta

333 1393 432 1473 ignari
448 1394 596 1470 omniurn,
618 1414 684 1476 quae
706 1403 777 1476 post
789 1415 823 1462 se
837 1404 1009 1473 agerentur,
1031 1413 1071 1453 ex
1083 1391 1165 1453 saltu
1178 1411 1309 1453 evasere.
1335 1403 1378 1469 et,

335 1498 427 1558 quum
443 1479 474 1540 in
500 1479 618 1542 tumulo
644 1480 778 1561 quodam
793 1476 1012 1556 constitissent,
1039 1478 1204 1540 clamorem
1226 1478 1319 1540 modo
1340 1498 1377 1540 ac

334 1585 443 1628 sonum
459 1585 612 1628 armorum
627 1567 791 1643 rudientes,
816 1585 882 1645 qua
896 1564 1021 1626 fortuna
1040 1584 1151 1647 pugne
1164 1576 1255 1640 esset,
1279 1585 1376 1645 neque

333 1652 421 1729 scire,
447 1671 503 1714 nec
530 1653 699 1734 perspicere
715 1674 777 1734 prae
797 1650 928 1732 caligine
950 1662 1103 1732 poterant.
1147 1649 1375 1713 Inclinata'de·

287 1757 292 1764 ·
320 1737 425 1818 ‚nique
441 1759 483 1816 re,
506 1759 599 1819 quum
615 1740 819 1800 incalescente
843 1738 907 1798 sole
930 1737 1065 1820 dispulsa
1084 1736 1196 1798 nebula
1209 1736 1377 1819 aperuisset

334 1824 427 1902 diem,
446 1825 653 1906 ‚tumliquida
674 1824 740 1907 jam
766 1825 834 1887 luce
861 1824 981 1885 montes
1003 1823 1163 1905 campique
1177 1823 1313 1906 perditas
1327 1844 1376 1885 res

332 1921 520 1992 stratamque
544 1912 705 1974 ostendere
728 1911 810 1974 foede
826 1909 999 1972 Romanam
1020 1911 1128 1972 aciem.
1150 1910 1263 1990 itaque,
1286 1930 1326 1970 ne
1341 1910 1375 1970 in

325 2010 514 2079 conspectos
529 1998 634 2079 procul
657 1999 861 2060 inmitteretur
875 2017 978 2078 eques,
993 1997 1119 2058 sublatis
1141 1996 1252 2076 raptim
1267 1995 1375 2076 signis,

333 2103 424 2163 quarn
440 2085 621 2165 citatissimo
646 2095 789 2165 poteraut
811 2082 944 2164 agmine,
967 2104 1032 2145 sese
1052 2083 1255 2164 abripuerunt.
1299 2079 1377 2143 Pos-

332 2179 398 2230 tero
412 2169 472 2247 die,
499 2191 593 2250 quum
614 2191 702 2252 super
727 2183 832 2232 cetera
856 2183 995 2232 extrema
1017 2171 1113 2232 fames
1127 2169 1221 2231 etiam
1237 2169 1377 2246 instaret,

332 2253 425 2316 iidem
452 2257 544 2318 darrte
560 2254 751 2334 Maharbale,
779 2257 830 2336 qui
853 2277 923 2318 cum
945 2258 1086 2318 omnihus
1107 2255 1296 2336 equestribus
1320 2275 1376 2316 co·

331 2341 390 2421 piis
414 2354 506 2404 nocte
522 2353 700 2404 consecutus
715 2354 792 2419 erat,
814 2343 840 2404 si
864 2363 950 2404 arma
968 2343 1176 2419 tradidissent,
1199 2341 1282 2403 abire
1303 2361 1375 2402 cum

198 2423 202 2432 ’
237 2487 241 2496 ,
304 2489 306 2494 ,
332 2427 459 2508 singulis
474 2428 663 2492 vestimentis
687 2449 855 2511 passurum,
879 2450 946 2489 sese
967 2428 1160 2492 dediderunt.
1181 2448 1248 2508 quse
1262 2426 1375 2490 Punica

289 2527 290 2532 ’
330 2513 477 2595 religione
492 2527 610 2588 servata
631 2515 705 2578 fides
727 2517 766 2578 ab
781 2513 956 2576 Hannibale
971 2526 1032 2593 est,
1056 2518 1081 2554 ⁴¹
1094 2525 1186 2595 atque
1208 2515 1240 2574 in
1256 2514 1374 2576 vincula

331 2620 438 2663 omnes
452 2602 595 2685 conjecit.

322 2742 326 2747 .
373 2684 445 2749 Vll.
468 2686 542 2751 Haec
558 2701 604 2753 est
620 2690 730 2753 nobilis
758 2691 798 2751 ad
811 2688 1024 2753 'lhasimenurn
1045 2710 1159 2772 pugna,
1182 2700 1273 2773 atque
1295 2690 1375 2751 inter

329 2794 442 2857 paucas
458 2788 627 2839 memorata
641 2777 746 2858 populi
762 2775 894 2839 Romani
916 2776 1030 2838 clades.
1073 2774 1257 2845 Quindecim
1277 2775 1373 2837 millia

323 2860 538 2938 ¹Romanorum
562 2864 594 2925 in
620 2864 684 2925 acie
708 2884 786 2925 caesa
800 2875 892 2942 sunt3
916 2863 1024 2925 decem
1047 2862 1154 2940 millia,
1180 2883 1286 2945 sparsa
1299 2862 1372 2943 fuga

330 2967 385 3030 per
410 2970 533 3011 omnem
559 2948 721 3028 Etruriam,
759 2951 881 3011 diversis
918 2949 1077 3011 itineribus
1108 2950 1215 3011 urbem
1245 2949 1371 3029 petiere.

328 3032 441 3096 Miller
464 3036 623 3117 quingenti
646 3038 780 3099 hostium
795 3038 828 3097 in
850 3036 926 3113 acie,
941 3035 1068 3097 ⁴²multi
1090 3046 1198 3118 postea
1220 3036 1386 3119 utrimque,

328 3141 367 3183 ex
391 3122 567 3185 vulneribus
590 3124 716 3206 periere.
760 3127 788 3162 ⁴³
798 3121 966 3205 Multiplex
990 3122 1087 3183 caedes
1114 3122 1264 3203 utrimque
1290 3121 1373 3183 facta

328 3207 459 3271 traditur
480 3209 520 3270 ab
536 3208 613 3271 aliis.
656 3208 734 3292 Ego,
756 3222 958 3292 preterquam
985 3208 1067 3289 quorl
1082 3208 1158 3269 nihil
1175 3209 1315 3270 haustum
1331 3227 1371 3269 ex

318 3314 404 3355 uano
419 3295 520 3374 velim,
549 3316 608 3377 quo
633 3298 724 3358 nimis
751 3298 903 3359 inclinant
925 3295 1021 3357 ferme
1043 3296 1241 3356 scribentium
1265 3294 1372 3372 animi,

321 3381 352 3443 ,⁴¹
360 3378 487 3443 Fabium
524 3383 670 3462 aequalem
706 3384 892 3464 temporibus
923 3380 1049 3463 hujusce
1077 3381 1150 3443 belli
1178 3381 1372 3463 potissimum

326 3478 483 3527 auctorem
499 3468 600 3528 habui.
644 3466 814 3546 Hannibal,
840 3468 1030 3549 captivorum
1051 3468 1104 3548 qui
1119 3466 1219 3529 Latini
1235 3467 1369 3527 nominis

321 3561 437 3645 essent,
453 3552 517 3612 sine
538 3554 637 3633 pretio
653 3553 795 3631 dimissis,
817 3553 965 3614 Romanis
980 3555 1012 3613 in
1026 3553 1146 3616 vincula
1160 3551 1250 3629 datis,
1265 3568 1371 3630 segre·
1440 3635 1445 3643 .

607 3776 609 3783 .
691 3733 814 3785 sultzen
825 3736 901 3785 Gron.
911 3735 980 3787 Crer.

353 3872 374 3906 ⁴¹
392 3870 464 3933 Atque
485 3872 508 3918 in
530 3874 619 3921 elwrde
636 3890 707 3923 omnes
727 3876 827 3939 conjecit]
862 3877 960 3925 Romani
976 3875 1052 3925 letalia
1062 3875 1157 3924 vulnera
1172 3841 1373 3935 memnonem

321 3934 382 3985 Haec
399 3950 434 3985 est
450 3937 586 3999 scriptorum
606 3950 744 3999 nostrorum,
762 3954 790 3990 ut
806 3956 831 3990 et
860 3942 982 3990 verisimile
992 3957 1039 3989 non
1049 3952 1093 3999 est,
1103 3940 1165 3997 lm,
1180 3938 1296 3985 montibus
1306 3938 1370 3985 elao-

317 3999 615 4053 ‘²‘
648 4007 683 4053 Μ
775 4018 829 4120 rr
859 4007 1176 4134 ΜΨ
1192 4013 1309 4065 .....
1326 4002 1370 4049 ¹¹⁸·

322 4147 366 4191 que
377 4134 414 4180 hic
433 4086 534 4197 quobus,
549 4147 576 4183 ut
591 4086 727 4201 wpnoqpyz
745 4106 829 4185 horum
891 4088 1050 4198 ”eberbino
1060 4082 1271 4194 wmffl
1286 4130 1368 4207 [W]

320 4194 389 4244 fidem
400 4198 475 4258 potius
483 4216 639 4264 sequeremur.
664 4230 671 4252 ,-
860 4201 940 4251 Multo
950 4202 1066 4265 plorares
1081 4212 1178 4263 umque
1193 4213 1242 4245 acle
1258 4197 1368 4246 cetttffite

337 4260 376 4339 '⁴2
392 4261 464 4339 diuiti
479 4276 553 4325 posteo
571 4270 680 4345 surripere
704 4284 730 4316 ea
749 4268 828 4345 pidris-
859 4267 1074 4324 dicauturabaliis,
1090 4266 1178 4343 supple,
1196 4278 1266 4326 qoam
1275 4263 1368 4311 modos

319 4326 828 4467 uuum?
858 4333 1212 4460 u..
1242 4394 1366 4469 a...

318 4464 826 4592 intimaturus·..tut
857 4462 1236 4590 trutinarem
