3092 5200
428 463 432 472 ,
470 383 547 443 um.
565 379 681 440 xxm
702 377 785 439 ose.
805 378 891 438 xm
991 365 995 370 ’
1139 380 1199 438 ns

147 541 226 619 ‘illo
236 540 377 624 prasidio
388 535 502 602 Locros
513 557 578 600 esse
589 537 706 615 sinatis,
718 557 756 598 an
774 536 853 597 irato
868 531 1036 598 Hannibali
1051 533 1194 597 etPoenis
1206 537 1239 588 U·
1249 539 1278 589 C·
1288 538 1347 590 ⁵⁴8·

151 629 163 666 ‘
177 629 217 690 ad
226 627 408 712 supplicium
420 625 548 688 dedatis.
592 623 662 685 Non
675 623 874 705 postulamus,
884 633 920 683 ut
929 622 1085 704 extemplo
1094 621 1193 699 nobis,
1204 605 1237 656 ὦ
1245 603 1275 654 ⁰·
1285 605 1345 655 ²⁰⁴·

150 716 211 778 ‘ut
231 716 270 777 de
292 705 427 792 absente,
446 723 480 775 ut
500 712 618 774 indicta
637 730 743 772 caussa
762 708 906 770 credatis.
950 705 1074 785 Veniat,
1089 728 1193 771 coram

149 802 241 886 ‘ipse
252 804 368 880 audiat,
379 801 444 883 ipse
453 799 559 860 diluat.
594 795 627 859 Si
639 795 804 880 quidquam
819 795 951 871 sceleris,
962 795 1045 876 quod
1055 796 1149 858 homo
1160 796 1193 857 in

149 889 314 952 ‘homines
337 888 428 950 edere
448 897 560 968 potest,
578 885 610 946 in
624 905 680 946 nos
699 882 909 967 pratennisit3
932 901 995 942 non
1010 901 1193 961 recusamus,

149 976 161 1010 ‘
177 978 249 1058 quin
261 988 292 1039 et
303 995 357 1038 nos
369 973 472 1036 omnia
480 971 588 1034 eadem
601 973 722 1049 iterum,
732 971 757 1032 si
767 971 831 1053 pati
843 989 1013 1052 possumus,
1024 968 1175 1050 patiamur
1181 990 1192 1047 3

148 1063 207 1128 ‘et
217 1064 268 1126 ille
279 1061 361 1126 omni
373 1061 475 1122 divino
485 1060 680 1139 humanoque
694 1058 836 1119 liberetur
846 1053 979 1118 scelere!

191 1148 279 1210 XIX.
302 1146 485 1228 Hacquum
497 1147 536 1208 ab
548 1145 656 1227 legatis
668 1145 752 1207 dicta
762 1155 872 1220 essent,
884 1143 1095 1225 quesissemus
1107 1142 1146 1204 ab
1157 1141 1194 1203 iis
1206 1149 1270 1227 ratu
1279 1163 1333 1227 ssa-

147 1234 189 1306 Q.
211 1234 333 1312 Fabius,
353 1233 572 1296 detulissentne
583 1251 634 1293 eas
644 1231 782 1312 querelas
799 1230 840 1291 ad
855 1229 887 1291 P.
908 1226 1105 1311 Scipionem3
1130 1249 1193 1290 res·
1206 1225 1356 1312 3⁰⁰³.th

147 1323 331 1405 pondererat,
346 1321 357 1354 ‘
368 1322 477 1383 missos
489 1319 607 1401 legatos
622 1337 697 1396 esse,
708 1319 843 1380 sedeam
855 1317 927 1378 belli
939 1317 1088 1399 adparata
1102 1337 1195 1378 occu·
1207 1284 1337 1400 225⁹*

148 1409 281 1492 ‘patum
297 1429 382 1472 esse:
405 1418 439 1468 et
450 1407 482 1468 in
493 1406 628 1468 Africam
642 1403 769 1486 sutjam
780 1403 947 1487 trajecisse,
963 1415 1016 1466 ant
1027 1403 1196 1490 intrapau·

148 1495 228 1557 ‘cos
250 1496 315 1557 dies
333 1491 540 1574 trajectumm.
584 1491 635 1570 Et,
650 1493 744 1574 legati
762 1493 861 1574 gratia
880 1506 994 1575 quanta
1013 1505 1093 1557 esset
1114 1494 1197 1578 apurl

148 1581 403 1664 ‘imperatorem
424 1591 564 1663 expertos
579 1601 667 1642 csse:
691 1599 795 1660 quum,
815 1579 895 1642 inter
914 1601 983 1642 eum
1005 1595 1037 1644 et
1058 1583 1197 1644 tribunos

147 1667 160 1701 ‘
174 1669 301 1750 cognita
311 1687 429 1744 caussa,
440 1668 577 1728 tribunos
588 1667 619 1728 in
628 1666 749 1728 vincula
759 1665 943 1747 conjecerit3
966 1668 1100 1748 legatum
1113 1691 1198 1752 aeque

150 1755 161 1788 ‘
178 1767 309 1834 sontem,
321 1767 375 1816 aut
388 1754 487 1836 magis
504 1754 610 1831 etiam,
625 1754 656 1816 in
668 1775 705 1815 ea
716 1763 870 1836 potestate
882 1753 1056 1835 reliquerit.’
1098 1755 1197 1818 Jussis

152 1841 328 1903 excederes
341 1842 456 1923 templo
468 1840 588 1922 legatis,
599 1861 661 1902 non
671 1838 835 1902 Pleminius
846 1840 950 1919 modo,
959 1841 1012 1902 sed
1023 1842 1115 1903 etiam
1128 1840 1197 1905 Sci-

149 1928 215 2009 pio,
227 1928 398 2012 principum
418 1928 606 1988 orationibus
629 1927 765 1989 lacerari.
790 1940 862 1990 ante
883 1947 989 1989 omnes
1012 1927 1050 1998 Q.
1075 1927 1197 2008 Fabius,

140 2026 256 2076 ‘natum
269 2035 338 2076 eum
351 2014 390 2076 ad
402 2013 662 2096 conrumpendam
675 2013 867 2096 disciplinam
879 2014 1052 2093 militarem,
1062 2035 1197 2097 arguere.

136 2100 160 2180 ,⁴
174 2098 226 2162 Sic
242 2113 275 2164 et
289 2102 320 2162 in
333 2099 485 2183 Hispania
500 2103 567 2182 plus
583 2121 677 2183 prope
691 2121 745 2183 per
756 2101 938 2164 seditionem
951 2101 1093 2178 militurn,
1105 2123 1197 2184 quam

147 2186 159 2220 ‘
173 2187 266 2266 bello,
281 2188 437 2250 amissum.
450 2199 578 2249 externo
593 2199 626 2249 et
640 2188 725 2270 regio
744 2207 830 2250 more
844 2198 878 2248 et
897 2187 1053 2268 indulgere
1069 2189 1197 2252 licentiae

148 2273 159 2306 ‘
174 2274 318 2352 militum,
343 2278 351 2313 ¹
366 2285 397 2336 et
412 2273 513 2337 saevire
534 2274 565 2334 in
580 2271 654 2336 eos.¹
699 2272 892 2336 Sententiam
908 2268 1018 2336 deinde
1031 2295 1115 2356 aque
1130 2288 1196 2338 tru-

148 2379 216 2422 cem
228 2361 359 2424 orationi
375 2359 499 2441 adjecit.
544 2361 555 2393 ‘
570 2357 902 2443 Pleminiumlegatum
915 2361 1049 2423 vinctim
1064 2361 1196 2426 Romam

148 2447 159 2480 ‘
174 2447 328 2530 deportari
345 2447 475 2530 placere,
489 2459 521 2509 et
535 2467 573 2508 ex
584 2447 712 2509 vinculis
726 2467 865 2508 caussam
881 2447 1000 2510 dicere:
1024 2469 1071 2526 ac,
1087 2450 1110 2511 si
1125 2448 1197 2512 ver'a

146 2532 284 2614 ‘forent,
297 2555 362 2617 quas
376 2533 542 2599 Locrenses
558 2550 765 2616 quererentur,
782 2534 813 2594 in
832 2554 952 2596 carcere
971 2535 1084 2614 necari,
1099 2532 1195 2601 bona'-

146 2620 230 2705 ‘que
242 2620 306 2703 ejus
317 2622 474 2705 publicari.
522 2620 555 2683 P.
570 2620 755 2705 Scipionem,
771 2622 854 2703 quod
868 2622 907 2684 de
921 2623 1076 2706 provincia
1090 2623 1196 2687 deces-

147 2706 262 2774 ‘sisset
278 2708 394 2791 injussu
408 2720 542 2787 senatus,
558 2709 712 2777 revocari:
736 2710 847 2791 agique
862 2704 932 2771 ciun
947 2710 1077 2773 tribunis
1087 2711 1205 2793 plebis,

147 2793 159 2827 ‘
173 2809 209 2859 ut
220 2797 259 2859 de
271 2797 400 2879 imperio
415 2796 480 2878 ejus
494 2796 671 2877 abrogando
683 2795 797 2857 ferrent
811 2796 852 2857 ad
862 2797 1018 2879 populum.
1060 2795 1195 2861 Locren-

148 2878 258 2945 ‘sibus
277 2902 382 2945 coram
392 2894 541 2963 „senatum
565 2882 758 2963 respondere,
775 2882 867 2951 ,Quas
880 2881 1006 2964 injurias
1026 2883 1084 2945 sibi
1098 2884 1205 2947 factas*

149 2964 162 2998 ‘
177 2978 382 3049 quererentur,
393 2988 444 3029 eas
460 2982 561 3049 neque
575 2980 725 3045 senatum,
742 2988 839 3049 neque
857 2970 1004 3051 populum
1021 2959 1204 3033 Romanurn·

149 3051 274 3117 ‘factas
285 3054 370 3131 velle.
392 3052 482 3117 Viros
493 3055 602 3132 bonos,
613 3054 783 3136 sociosque,
797 3065 832 3117 et
841 3053 957 3117 amicos
965 3078 1019 3117 eos
1028 3044 1177 3139 adpellari
1183 3072 1200 3119 ι’
1279 3105 1304 3129 .,

150 3136 162 3171 ‘
178 3141 299 3219 liberos,
313 3139 467 3223 conjuges,
484 3160 607 3222 quaequc
624 3140 685 3201 alia
698 3154 806 3223 erepta
818 3154 932 3219 essent,
941 3143 1078 3205 restitui:
1101 3166 1197 3227 pecu«

149 3224 162 3259 ‘
176 3228 270 3306 niam,
286 3242 400 3309 quanta
410 3248 448 3289 ex
460 3228 609 3289 thesauris
621 3226 804 3310 Proserpina
815 3228 936 3290 sublata
946 3241 1036 3307 esset,
1047 3233 1194 3314 conquiri,

149 3309 357 3397 ‘duplamque
372 3314 531 3397 pecuniam
545 3314 577 3375 in
592 3313 750 3376 thesauros
766 3316 893 3397 reponi:
916 3327 1077 3379 et-sacmm
1087 3319 1193 3401 piacu-

148 3397 238 3463 ‘lare
259 3401 335 3479 lieri,
357 3403 401 3464 ita
422 3413 457 3463 ut
475 3401 557 3484 prius
578 3401 616 3463 ad
638 3401 800 3483 collegium
823 3400 1001 3484 pontificum
1025 3404 1193 3486 referretur,

147 3484 159 3519 ‘
194 3488 343 3550 uodsaeri
355 3489 487 3551 thesauri
503 3488 589 3565 moti,
605 3488 709 3551 violati
730 3501 842 3566 essent,
861 3510 927 3570 qaae
940 3490 1070 3573 piacula,
1085 3494 1193 3575 quibus

145 3570 158 3604 ‘
173 3510 252 3653 biis,
269 3576 376 3657 quibus
394 3574 513 3652 hostiis,
527 3574 590 3637 lieri
607 3575 751 3658 placeret.
795 3574 947 3656 'Milites
959 3578 1010 3661 qui
1022 3576 1129 3641 linens
1143 3602 1193 3643 es·

147 3656 158 3690 ‘
173 3674 253 3739 sent,
274 3683 379 3725 omnes
392 3663 431 3724 in
446 3660 582 3724 Siciliam
601 3663 820 3743 transportari:
843 3674 971 3745 quamor
984 3666 1126 3728 cobortes
1140 3688 1192 3729 so-

144 3743 286 3811 ‘ciorum
299 3748 400 3811 latini
415 3748 546 3811 nominis
561 3750 592 3809 in
608 3749 780 3832 praesidium
792 3748 904 3812 Locros
919 3751 1051 3814 adduci.'
1095 3757 1108 3792 ³
1120 3753 1191 3816 Per·

146 3836 243 3917 rogari
274 3858 313 3899 eo
346 3836 395 3898 die
423 3836 589 3914 sententiae,
623 3836 758 3898 accensis
781 3837 888 3899 studiis
909 3860 966 3921 pro
991 3838 1135 3921 Scipione
1158 3855 1191 3904 et
1294 3877 1297 3883 ·

146 3922 285 3987 adversus
310 3920 498 4007 Scipionem,
517 3944 579 3987 non
604 3935 741 4007 potuere.
786 3921 896 3987 Pneter
919 3924 1057 3989 Plemiaii
1071 3927 1188 3991 facinus
1200 3939 1316 4019 obtectu·

181 4068 224 4104 ¹*
241 4071 321 4121 Sosin
336 4074 360 4121 in
379 4072 423 4135 err]
453 4074 566 4123 Invidisse
586 4086 650 4123 norst
683 4074 785 4123 Ubirid.
796 4088 845 4124 aar.
857 4076 896 4126 61.
1052 4138 1057 4144 ῃ
1198 4007 1315 4122 m

147 4136 229 4185 Fabius
246 4139 379 4201 supplicium
394 4152 510 4203 sumptum
522 4156 535 4187 a
545 4140 650 4203 Scipione
713 4141 725 4175 ³
742 4142 757 4171 ⁶
774 4139 895 4206 Pcrmgan'
911 4159 936 4191 eo
950 4144 987 4189 die
1002 4147 1187 4194 mntem
1198 4148 1295 4189 mutter·

147 4203 177 4251 de
183 4202 317 4315 sam-{bu
326 4204 444 4318 rediiqipplis
454 4206 609 4317 Sur-rongaria.
632 4272 637 4283 Ι
679 4207 780 4283 peracre]
796 4206 1186 4289 Sentemireomuiom'seasrpm

149 4334 207 4409 ⁹⁸⁵².
220 4284 411 4398 sudabimus
420 4269 650 4399 afflatum?
681 4275 1138 4404 ibibmpefdssrffiubibmffiff
1155 4277 1187 4391 bi

149 4412 220 4447 vm
231 4398 363 4449 munitum
378 4401 418 4451 sit.
449 4400 552 4450 Forsitan
570 4416 650 4451 rerum
682 4404 847 4467 compositione
878 4405 931 4453 bec
962 4407 1128 4469 praepoeitiorr'a
1145 4422 1188 4468 prr

146 4463 178 4512 ria
196 4462 227 4511 rb
241 4466 326 4527 qrdqai,
341 4466 650 4530 remeatremeat.
682 4470 771 4531 deest,
785 4470 968 4521 urindicetrem
977 4471 1186 4539 rompheam-

152 4527 262 4593 ffiorquor
283 4532 389 4593 prosim
412 4540 490 4581 melus
509 4540 541 4581 erl
563 4539 650 4583 matrs.
680 4535 771 4585 benur.
