3092 5200
469 369 549 432 Lis.
562 367 677 432 XXIV.
697 367 782 432 CAP.
794 369 910 432 xu1x.
1144 376 1205 434 949

161 525 449 610 Karthaginiensem
478 525 599 590 hostem
626 535 792 610 superaret.
851 523 1000 588 Romauis
1027 545 1147 608 quoque
1177 526 1211 589 in
1224 507 1363 603 mm,

162 613 315 698 Hispania
327 613 499 696 legatomm
520 613 601 695 regis
622 613 770 676 adventus
789 631 904 694 magno
919 613 1129 676 emolumento
1143 612 1212 678 luit.
1224 617 1256 668 Δ.
1266 615 1298 670 c.
1308 617 1364 669 21³.

161 721 293 782 namque
316 699 357 762 ed
379 700 494 764 famam
521 721 627 764 eorum
653 699 848 763 transitiones
874 699 987 762 crebre
1006 699 1045 761 ab
1069 697 1214 764 Numidis

162 797 269 871 coepte
288 784 365 850 lieri.
410 786 458 850 lta
481 808 551 850 eum
576 784 717 872 Syphace
740 785 890 850 Romanis
912 783 1057 868 “juncta
1076 785 1215 850 amicitia

162 871 436 1044 suumn
449 866 1214 1045 bressiis

274 1005 285 1038 2
473 1033 476 1044 ,

165 1057 354 1130 regnantem,
368 1047 486 1131 legatos
501 1049 638 1112 mittunt.

205 1131 321 1196 xhlx.
344 1132 455 1198 lilium
476 1131 555 1198 Gala
574 1133 773 1198 Masinissam
796 1133 942 1213 habebat,
965 1144 1084 1218 septem
1106 1145 1138 1196 et
1159 1133 1213 1196 ‹ie-
1225 1141 1362 1205 namna.

164 1239 233 1283 cem
253 1241 350 1284 annos
368 1233 486 1300 natum,
510 1233 645 1286 ceterum
661 1220 807 1304 juvenem
827 1243 866 1284 ea
879 1221 994 1300 indole,
1014 1232 1051 1283 ut
1065 1219 1133 1303 jam
1148 1233 1214 1284 tum
1224 1208 1366 1324 {gfff

163 1307 337 1391 adpareret,
363 1308 454 1372 latius
484 1329 610 1392 regnum
639 1309 884 1392 opulentiusque,
915 1328 1007 1389 quam
1036 1308 1215 1391 serapiones,
1226 1340 1301 1390 dm

164 1393 329 1458 iacturum.
350 1392 469 1477 legati,
483 1396 495 1429 ‘
503 1397 649 1479 quoniam
665 1393 792 1480 Syphax
801 1417 835 1458 se
845 1394 994 1458 Romanis
1004 1392 1168 1476 junxisset,
1180 1406 1215 1457 ut

163 1481 174 1512 ‘
189 1482 347 1564 potentior
361 1482 512 1546 societate
527 1502 633 1546 eorum
651 1481 792 1544 adversus
806 1502 893 1564 reges
907 1482 1096 1566 populosque
1105 1480 1217 1544 Altinae

163 1566 291 1646 ‘esset'
315 1567 447 1645 doeent3
472 1569 602 1632 ‘melius
623 1568 687 1632 lore
702 1566 787 1632 Gala
801 1589 931 1650 quoque,
948 1567 1214 1650 Karthaginiensi-

165 1653 247 1716 ‘bus
257 1651 347 1736 jungi
368 1673 460 1736 quam
480 1656 624 1738 primum,
644 1665 808 1738 antequam
829 1653 956 1738 Syphax
974 1656 1006 1717 in
1021 1653 1216 1739 Hispaniam,

164 1740 176 1772 ‘
191 1751 246 1802 aut
261 1738 394 1803 Romani
410 1741 442 1803 in
455 1740 593 1806 Africam
608 1752 788 1819 transeant3
810 1742 940 1824 obprimi
961 1739 1145 1826 Syphacem,
1166 1740 1215 1803 ni-

163 1826 175 1859 ‘
189 1825 306 1890 hildum
321 1837 429 1910 prater
443 1848 556 1891 nomen
572 1849 611 1891 ex
630 1828 744 1890 foedere
757 1825 900 1890 Romano
914 1827 1092 1907 habentem,
1105 1824 1216 1911 posse!

165 1910 268 1974 Facile
283 1933 459 1996 persuasum
601 1914 665 1978 filio
680 1914 865 1998 deposcente
880 1913 913 1976 id
934 1913 1060 1993 bellum,
1077 1924 1113 1975 ut
1128 1934 1215 1976 exer-
1228 1919 1348 1970 Mania·

164 1998 261 2062 eitum
272 2000 430 2063 mitteret:
454 1999 517 2082 qui,
613 2001 836 2084 haginiensium
850 2000 1021 2082 legionibus
1033 1998 1217 2084 conjunctis,
1226 1984 1329 2116 mg·
1338 1985 1384 2052 ³1·

164 2105 278 2168 magno
292 2085 401 2169 proelio
424 2082 597 2170 Syphacem
619 2087 742 2150 devicit.
785 2086 929 2170 Triginta
944 2087 1041 2149 millia
1055 2108 1092 2149 eo
1106 2087 1217 2170 proelio
1227 2117 1306 2166 ,m

165 2171 323 2235 homiuum
339 2193 418 2235 oasa
430 2172 582 2237 dicuntia.
627 2172 754 2259 Syphax
771 2195 842 2236 eum
856 2172 962 2256 paucis
977 2173 1130 2256 equitibus
1145 2176 1173 2214 ⁸·
1183 2174 1216 2236 in

165 2255 339 2321 Maurusios
354 2281 393 2322 ex
409 2260 474 2322 soie
489 2257 641 2324 Numidas
669 2259 811 2340 (extremi
833 2280 930 2343 prope
944 2279 1094 2322 noeanum
1109 2259 1216 2323 adum·
1297 2273 1305 2288 '

165 2366 214 2407 sus
238 2343 339 2408 Gades
362 2345 481 2427 colunt)
507 2347 641 2430 refugit:
666 2345 930 2430 adfluentibusque
952 2345 994 2408 ad
1014 2346 1130 2408 mmam
1151 2343 1217 2427 ejus

164 2431 298 2512 undique
320 2432 465 2510 barbaris,
487 2433 628 2514 ingentes
655 2434 737 2496 brevi
760 2433 866 2515 copias
889 2432 1030 2495 armavit.
1056 2453 1126 2494 cnm
1149 2433 1217 2514 q'ui·

164 2519 221 2579 bus
235 2529 399 2603 antequam
415 2520 447 2582 in
463 2517 646 2605 Hispaniam
661 2531 793 2603 angusto
808 2518 972 2582 diremtam
993 2517 1074 2606 freto
1092 2515 1216 2600 trajice·
1311 2527 1314 2531 ’

163 2615 221 2682 ret,
246 2603 411 2669 Masinissa
425 2628 495 2671 cum
509 2608 624 2671 victore
644 2608 781 2671 exercitu
802 2607 947 2669 advenit:
971 2606 1057 2688 isque
1079 2606 1122 2669 ibi
1145 2627 1215 2669 cum

165 2688 306 2777 Syphace
328 2693 444 2776 ingenti
466 2694 564 2775 gloria
590 2715 644 2777 per
665 2716 709 2772 se,
734 2693 800 2756 sine
823 2693 892 2754 ullis
911 2690 1215 2775 Karthaginiensium

164 2779 283 2861 opibus,
308 2780 403 2862 gessit
425 2780 549 2843 bellum.
594 2779 630 2842 ln
656 2778 809 2863 Hispania
832 2779 909 2841 nihil
933 2779 1131 2842 memorabile
1145 2800 1215 2861 ges·

164 2870 241 2945 nrm,
263 2878 463 2950 preterquam
490 2867 573 2949 quod
599 2865 787 2931 Celtiberum
798 2864 989 2948 juvenuttem
1011 2866 1119 2929 eadem
1134 2886 1216 2929 mer·

164 2952 250 3030 cede,
265 2955 289 2993 ⁸¹
301 2973 363 3036 qua
381 2964 472 3035 pacta
496 2973 567 3015 eum
586 2950 895 3035 Kartlraginiemibus
912 2963 989 3031 erat,
1015 2953 1216 3037 imperatores

165 3035 298 3099 Romani
313 3040 353 3103 ad
374 3060 407 3101 se
429 3040 656 3122 perduxerunt:
679 3050 712 3101 et
731 3038 937 3101 nobilissimos
953 3037 1110 3121 Hispanos
1125 3058 1218 3122 supra

166 3134 319 3187 trecentos
345 3125 376 3187 in
402 3122 523 3187 ltaliam
550 3125 591 3187 ad
618 3124 830 3187 sollicitandos
855 3125 1028 3206 populares,
1057 3124 1109 3205 qui
1137 3124 1218 3187 inter

167 3209 281 3272 auxilia
299 3208 482 3274 Hannibalis
505 3222 602 3289 erant,
628 3210 785 3273 misenmt.
828 3207 867 3271 ld
888 3210 982 3277 modo
1004 3208 1069 3294 ejus
1090 3211 1162 3272 anni
1185 3211 1216 3272 in
1230 3218 1346 3271 citriam
1450 3271 1453 3275 .

167 3292 320 3379 Hispania
349 3297 389 3360 ad
419 3298 595 3360 memoriam
623 3296 742 3379 insigne
767 3308 826 3375 est,
850 3296 935 3379 quod
957 3296 1218 3360 ⁸²mereenarium
1229 3286 1372 3399 wlff

167 3382 297 3447 militem
319 3384 351 3447 in
365 3384 474 3451 eastris
489 3383 643 3449 neminem
664 3393 747 3463 aute,
768 3404 860 3467 qnam
874 3393 942 3447 nam
957 3382 1138 3463 Celtiberos,
1152 3381 1215 3447 Ro·
1229 3366 1351 3481 {mfffl
1473 3468 1477 3477 ¹

167 3469 251 3533 mani
266 3470 447 3535 habuerunt.
1231 3481 1299 3535 Rara

593 3594 801 3661 cnr-,nom

199 3718 221 3751 s
236 3716 321 3769 rien
342 3721 440 3771 mura
465 3720 508 3786 ar]
535 3693 678 3785 nisum
708 3722 742 3771 aa
752 3721 828 3787 ,aar
843 3720 890 3771 sn
906 3719 1035 3771 mama
1049 3720 1162 3771 surm
1173 3719 1220 3769 re·

167 3782 248 3847 optimi
267 3784 345 3849 scripti
366 3786 454 3836 habent
475 3796 558 3849 copim
580 3800 605 3837 et
627 3789 675 3853 pla·
708 3788 752 3848 tin,
781 3801 834 3851 qun
856 3786 924 3849 longa
946 3786 1028 3837 elamor
1050 3798 1075 3836 et
1093 3787 1221 3851 expuam

168 3860 232 3897 earet
248 3849 328 3911 magia,
349 3850 429 3901 sinon
448 3852 531 3901 eadem
547 3869 591 3902 vox
608 3854 676 3917 paulo
707 3866 752 3905 ast.

166 3926 219 3961 ante
229 3915 365 3978 reperiretur
375 3920 511 3967 bannitione·
519 3930 591 3980 septa
592 3921 659 3979 piri.
735 3916 759 3953 ⁶³
782 3916 945 3966 Mummiam
971 3916 1065 3964 allisa
1091 3916 1118 3963 is
1144 3916 1222 3964 eastris

64 4017 68 4029 .
200 3978 222 4014 ⁵⁹
236 3978 430 4046 hlnnyliragerr
444 3981 544 4043 mersor]
565 3984 618 4032 Hoc
633 3985 673 4033 de·
705 3984 811 4033 mahen
826 3980 890 4045 anta]
905 3980 985 4030 (haur
1002 3980 1131 4041 transfugas
1147 3978 1221 4042 ptimo

167 4042 294 4095 naurire.
311 4046 438 4097 Grnnnrio.
469 4046 545 4109 Vulgo
560 4046 674 4111 Massylo:
707 4044 1220 4097 hakobellnaliomanitinosrnmiliaium

167 4109 223 4157 Pur.
233 4111 325 4161 meruli.
708 4113 806 4163 ιάκὶωι
822 4128 873 4161 essa
889 4112 995 4161 Mamas
1010 4108 1119 4175 Polybium
1131 4122 1156 4160 et
1172 4105 1220 4159 Ζο·

199 4170 224 4207 ⁶⁰
248 4172 277 4223 in
299 4174 425 4224 hinururr'oa
444 4191 470 4225 aa
488 4178 536 4226 aeis
555 4176 677 4242 Numidas]
708 4193 783 4227 nana
816 4177 1017 4233 Onoisiisaea,
1029 4174 1220 4241 nnnprimlcel·

167 4235 229 4287 Dela
240 4254 320 4290 uoeam
331 4238 447 4291 Numidas.
708 4244 778 4293 tiberi
792 4245 818 4294 ia
834 4242 945 4294 Romm'a
954 4242 1033 4294 antris
1043 4242 1148 4293 mercede
1159 4239 1219 4290 mili·

202 4300 224 4335 ⁶¹
250 4302 304 4358 (itte
321 4314 386 4369 prus
398 4340 452 4357 ....
463 4305 522 4371 nus]
549 4306 678 4357 Gronovius
708 4320 795 4361 tarnat.

169 4368 271 4422 canent
285 4386 329 4441 quo
347 4385 376 4426 ex
393 4371 482 4425 duobus
496 4373 595 4440 seriptis
626 4370 692 4451 No«,
