3092 5200
470 395 886 467 u1a.xxv1.on1³.xu11.
1132 405 1193 474 tm
1307 474 1313 488 ,

149 557 160 594 ‘
175 559 342 624 exercitum
357 557 388 622 in
397 555 620 624 'diuersissimas
643 561 781 644 regiones
803 561 980 624 distraxere.
1026 555 1143 626 Eadem
1158 561 1189 624 in
1201 573 1236 628 U.
1247 575 1345 628 mua

148 646 160 680 ‘
173 642 242 718 illos
253 647 366 730 ingruit
375 647 508 727 fortuna,
520 667 585 730 quae
596 667 692 730 nuper
703 668 759 710 nos
770 647 900 710 addixit.
914 666 986 708 nam
1001 657 1034 709 et
1045 647 1189 710 deserun-
1201 642 1234 691 ὦ
1245 640 1274 693 ⁰·
1284 640 1342 692 2¹⁰·

148 731 224 794 ‘'tur
234 733 273 794 ab
285 734 385 810 sociis,
397 746 432 796 ut
441 735 522 816 prius
534 735 572 797 ab
582 731 742 796 Celtiberis
757 755 812 796 nos
824 755 832 794 t
844 743 889 795 et
905 733 1089 794 diduxerunt
1100 753 1189 797 exer·

148 817 271 896 ‘citns3
288 840 354 901 quae
361 821 440 903 patri
452 831 621 902 patruoque
635 840 705 882 meo
720 839 826 882 caussa
837 819 922 882 exitii
935 818 1004 881 fuit
1022 862 1026 871 -
1047 816 1114 881 Nec
1126 819 1189 881 dia·

147 904 159 938 ‘
173 904 279 967 cordia
289 906 434 968 intestina
448 914 531 969 coire
541 927 592 968 eos
603 907 634 968 in
649 927 742 968 unum
755 907 851 982 sinet,
860 925 960 986 neque
971 904 1083 984 singuli
1099 905 1188 968 noffis

147 990 310 1062 fresistere
323 1003 476 1075 poterunt
520 990 585 1054 Vos
596 992 700 1070 modo,
712 993 837 1070 milites,
848 991 949 1054 favete
957 991 1077 1054 nomini
1087 987 1188 1075 Scipi·
1270 1022 1272 1025 v

148 1076 278 1156 ‘onum,
296 1079 394 1140 soboli
410 1080 627 1163 imperatorum
648 1091 824 1156 vestrorum,
839 1078 927 1140 velut·
944 1077 1055 1139 adcisis
1073 1097 1188 1140 recres-

148 1163 160 1197 ‘
172 1164 252 1225 centi
276 1164 430 1248 stirpibus.
473 1159 578 1246 Agite,
600 1165 713 1228 milites
726 1161 860 1242 'veteres
883 1183 995 1226 novum
1018 1164 1188 1225 exercitum

148 1249 345 1332 ‘novumque
359 1252 468 1314 ducem
484 1251 635 1313 traducite
650 1249 783 1331 Iberum,
798 1249 948 1313 traducite
964 1251 996 1311 in
1011 1260 1106 1312 terras
1116 1267 1187 1312 cum

147 1335 159 1370 ‘
173 1336 276 1398 multis
290 1336 418 1399 fortibus
433 1337 522 1399 lactis
531 1358 610 1420 sepe
619 1359 638 1399 a
647 1338 731 1399 vobis
743 1348 928 1420 peragratas.
962 1333 1053 1396 Brevi
1064 1335 1188 1413 faciam,

147 1422 157 1454 ‘
172 1433 217 1500 ut,
230 1423 485 1504 quemadmodum
496 1442 577 1485 nunc
587 1424 747 1485 noscitatis
758 1424 789 1484 in
801 1443 850 1485 me
860 1423 955 1505 patris
970 1422 1130 1503 patruique
1146 1422 1187 1483 si·

147 1507 373 1572 ‘militudinem
390 1509 450 1572 oris
471 1508 638 1591 vultusque,
659 1521 691 1571 et
706 1510 893 1570 lineamenta
907 1508 1042 1590 corporis
1050 1530 1061 1585 3
1082 1507 1125 1568 ita
1139 1508 1187 1570 in-

146 1583 367 1675 ‘'genii,''lidei,
386 1595 567 1675 virtutisque
585 1594 756 1678 exemplum
777 1614 952 1677 expressam
970 1593 1031 1654 ad‘
1055 1593 1186 1674 effigiem

144 1681 157 1744 f
171 1681 256 1742 vobis
270 1681 407 1758 reddam,
422 1693 457 1743 ut
468 1680 621 1760 revixisse,
640 1689 694 1742 aut
704 1691 844 1742 renatum
855 1680 912 1741 sibi
927 1679 1054 1762 quisque
1065 1676 1186 1763 Scipio-

147 1767 243 1828 ‘nem
258 1766 474 1848 imperatorem
491 1764 595 1829 dicat’

189 1849 287 1914 Kbll.
310 1850 380 1916 Hac
404 1853 541 1914 oratione
563 1851 697 1914 accensis
712 1851 852 1914 militum
878 1851 997 1929 animis,
1024 1851 1131 1914 relicto
1139 1853 1186 1915 'ad
1196 1853 1288 1906 ΤΜ
1298 1855 1351 1906 lbe-

144 1936 317 2020 praesidium
343 1939 474 2020 regionis
498 1936 563 2019 ejus
578 1935 626 2000 M.
642 1936 759 2016 Silano,
784 1958 853 2000 cum
874 1939 969 2000 tribus
984 1936 1116 1999 millibus
1130 1958 1184 2021 pe·
1197 1935 1259 1971 Μ·

146 2023 243 2086 ditum
269 2036 302 2087 et
327 2023 471 2087 trecentis
496 2021 657 2106 equitibus,
685 2035 802 2087 ceteras
826 2043 932 2087 omnes
955 2023 1059 2106 copias
1086 2021 1186 2102 (erant

146 2121 249 2172 autem
263 2111 517 2192 vigintiquinque
532 2110 627 2174 millia
638 2111 788 2195 pediturn,
805 2110 865 2173 duo
875 2110 973 2172 millia
983 2122 1016 2172 et
1026 2110 1184 2192 quingenti

145 2195 274 2278 equites)
290 2195 408 2258 lberam
419 2195 550 2278 trajecit.
588 2195 632 2258 lbi
645 2197 825 2278 quibusdam
835 2197 1040 2273 suadentibus,
1049 2206 1094 2274 ut,
1106 2217 1183 2278 quo·

144 2283 227 2344 niam
242 2282 274 2344 in
289 2293 352 2345 tres
367 2295 432 2346 tam
449 2283 580 2345 diversas
596 2283 734 2364 regiones
749 2283 960 2344 discessissent
969 2280 1074 2344 Punici
1096 2303 1182 2345 exer·

139 2367 233 2445 citus,
256 2369 428 2451 proximum
451 2366 676 2451 adgrederetur,
701 2368 868 2451 periculum
884 2389 950 2431 esse
973 2379 1066 2446 ranas,
1082 2389 1131 2430 ne
1145 2390 1183 2432 eo

145 2453 227 2515 facto
244 2455 275 2515 in
289 2475 384 2517 unum
399 2475 503 2532 omnes
519 2456 725 2532 contraheret,
741 2475 797 2517 nec
813 2466 964 2538 parasset
979 2474 1057 2516 unus
1067 2464 1115 2517 tot
1129 2476 1184 2518 ex-

145 2540 298 2618 ercitibus,
323 2533 545 2624 Karthaginem
561 2539 680 2604 Novam
706 2541 826 2605 interim
853 2542 1029 2625 obpugnare
1054 2542 1314 2661 stratulum

142 2627 247 2705 urbem
278 2648 370 2708 quum
393 2629 490 2711 ipsam
520 2629 696 2710 opulentam
723 2629 785 2690 suis
810 2628 929 2710 opibus,
958 2640 1025 2691 tum
1050 2629 1184 2692 hostium
1196 2688 1303 2743 m

141 2714 226 2776 omni
240 2714 350 2776 bellico
366 2716 515 2797 adparatu
528 2715 670 2797 plenam3
690 2714 744 2793 (ibi
756 2735 852 2793 arma,
868 2714 910 2776 ibi
925 2716 1066 2797 mannia,
1079 2715 1122 2777 ibi
1134 2727 1183 2780 toa

142 2799 201 2863 risa
216 2798 373 2882 Hispania
386 2800 508 2863 obsides
523 2800 623 2881 erant)
642 2801 731 2861 sitam
747 2812 893 2882 praeterea
906 2822 999 2883 quum
1015 2806 1185 2884 opportune

142 2884 182 2947 ad
197 2884 409 2966 trajiciendum
424 2887 456 2948 in
471 2884 618 2960 Africam,
634 2897 700 2949 tum
716 2906 806 2969 super
819 2898 943 2969 portum
958 2886 1033 2950 satis
1049 2887 1185 2971 amplum

143 2971 305 3049 quantavis
320 2971 420 3049 classi,
447 2982 479 3032 ct
505 2972 609 3034 nescio
631 2991 680 3033 an
694 2991 789 3033 unum
814 2972 847 3033 in
862 2969 1020 3053 Hispaniae
1034 2993 1100 3049 ors,
1124 2992 1185 3055 qua

141 3066 248 3117 nostro
271 3054 394 3139 adjacet
416 3054 502 3119 mari.
546 3054 648 3117 Nemo
673 3057 827 3134 omnium,
845 3076 907 3138 quo
926 3058 1032 3136 iretur,
1057 3058 1184 3137 sciebat,

141 3152 252 3226 praeter
277 3139 314 3203 C.
326 3140 461 3203 laelium.
517 3140 557 3219 la,
583 3141 679 3204 classe
703 3142 938 3220 circummissus,
962 3144 1008 3208 ita
1025 3142 1184 3205 vmoderari

142 3246 264 3289 cursum
278 3228 401 3289 navium
422 3225 525 3309 jussus
541 3237 616 3306 erat,
636 3238 672 3289 ut
692 3226 954 3310 eodem-tempore
968 3228 1118 3293 exercitus
1131 3250 1184 3291 os·

142 3313 329 3395 tenderetur,
350 3325 382 3377 et
397 3313 502 3375 elassis
524 3325 646 3395 portum
661 3313 798 3375 intraret.
842 3310 981 3397 Septimo
995 3313 1045 3376 die
1059 3315 1098 3376 ab
1114 3313 1183 3377 lbe-

142 3420 177 3461 ro
192 3398 415 3479 Karthaginem
429 3410 553 3462 ventum
578 3410 626 3463 est
652 3400 742 3462 simul
765 3409 847 3463 terra
860 3400 1006 3481 marique.
1029 3410 1129 3463 castra
1144 3402 1183 3464 ab

141 3486 265 3567 regione
279 3485 371 3563 urbis,
395 3486 501 3567 quain
517 3486 756 3568 septentrionem
767 3496 859 3548 'versa
873 3497 932 3565 est,
954 3486 1075 3568 pmita:
1098 3488 1182 3549 ’this

141 3572 180 3635 ab
194 3580 281 3653 tergo
298 3570 384 3651 (nam
396 3573 478 3635 fron's
494 3583 603 3636 natura
617 3582 686 3636 tuta
700 3571 778 3653 erat)
793 3573 906 3635 vallum
921 3570 1087 3654 objectum.
1121 3571 1182 3636 Ce-

142 3670 242 3720 terum
267 3657 328 3721 sita
340 3656 502 3740 Karthago
528 3657 572 3719 sic
587 3669 644 3721 est.
688 3655 780 3720 Sinus
807 3670 854 3721 est
879 3659 971 3720 maris
993 3659 1096 3723 media
1118 3659 1181 3721 fere
1194 3670 1342 3734 magna

141 3742 298 3827 Hispaniae
328 3766 393 3824 ora,
417 3744 551 3807 maxime
572 3744 678 3808 Africo
700 3754 791 3807 vento
812 3745 982 3826 obpositae,
1004 3756 1036 3807 et
1058 3736 1303 3827 aquia-Natu·-

350 3878 406 3950 '‘ad
414 3899 496 3951 maol.
506 3910 533 3951 et
541 3911 595 3950 ame
605 3900 725 3962 exemplam
733 3914 809 3963 repas.
819 3898 894 3949 Dour.
905 3898 967 3966 nup.

170 4014 193 4053 a
209 4012 253 4064 rra
271 4015 299 4064 o
315 4024 377 4079 argo
396 4012 459 4080 (m
468 4012 549 4079 from]
571 4014 644 4062 nune
674 4013 730 4061 ntur
749 4014 826 4063 satin
847 4013 884 4061 ‘a
902 4012 993 4074 mam
1020 4031 1043 4065 e.
1057 4016 1181 4068 earm
1237 3992 1243 4001 ’

136 4079 222 4140 locum
244 4080 268 4129 in
294 4079 383 4143 seriptis
409 4090 551 4143 corruptum,
577 4078 643 4125 variis
674 4081 772 4141 marique
785 4079 867 4127 instrui
887 4082 1075 4144 oppugnatam,
1093 4082 1182 4133 mini

140 4145 278 4209 conjecturis
299 4144 422 4193 sollicitant
440 4149 507 4192 ambo
527 4142 644 4193 Gronovii.
675 4144 763 4191 mediis.

137 4208 236 4272 Vulgata
252 4210 329 4268 lectio,
347 4220 398 4273 quae
415 4207 444 4257 ab
464 4208 578 4257 Rhernno
599 4221 644 4269 ert,
706 4208 728 4242 ⁹³
746 4206 985 4272 dammam]
1015 4209 1052 4260 Ex
1077 4209 1182 4277 Polybio,

137 4275 229 4335 τὶςῑιωτ
244 4274 372 4324 retinenda.
411 4273 458 4323 Hic
478 4274 520 4323 scri
537 4276 555 4322 ti
573 4272 643 4337 pleri.
675 4271 692 4319 l.
705 4284 731 4320 x.
742 4272 865 4335 legendum
874 4276 959 4335 estad
972 4276 1182 4339 matesuin-

140 4354 186 4403 que
201 4353 242 4387 an
259 4340 376 4399 deliciunt,
393 4353 438 4387 nec
457 4338 503 4385 ilr
529 4338 643 4399 gatiano·
672 4338 906 4447 gratapamripss
916 4338 1181 4405 eaimedaigiatindiu

139 4401 645 4519 {inhumanitus
672 4400 766 4527 mn
781 4401 1180 4533 „naamam

138 4502 645 4601 mmmiualmummuri·
675 4542 748 4588 nrm.
