3092 5200
538 375 614 436 mn
636 375 741 436 xxu.
760 375 845 438 cae.
858 377 911 435 ιν.
1200 386 1243 449 77

192 531 299 614 procul
325 531 469 594 ostendit.
514 530 691 611 llaminius,
720 533 771 616 qui
800 553 841 595 ne
861 533 968 613 quieto
997 533 1121 613 quidem
1151 534 1241 598 hoste
1252 547 1395 604 unua
1485 577 1491 587 ·

194 619 260 700 ipse
275 618 430 699 quieturus
446 631 521 698 erat,
545 633 612 682 tum
626 641 707 698 vero,
732 632 895 702 postquam
917 638 967 680 res
991 620 1146 682 sociorum
1166 633 1240 686 ante
1253 616 1394 671 &⁰3¹7-

192 705 297 766 oculos
310 725 405 787 prope
420 725 490 768 suos
505 709 531 752 ¹⁷
541 705 612 768 ferri
626 707 734 788 agique
749 706 835 784 vidit,
851 725 940 766 suum
954 704 988 766 id
998 705 1132 778 dedecus
1143 719 1239 787 ratus,
1299 732 1303 738 ·

192 810 248 872 per
272 791 406 852 mediam
425 791 492 874 jam
517 791 638 855 ltaliam
660 793 763 874 vagari
785 790 923 869 Poenum,
944 802 1046 873 atque,
1070 792 1239 856 obsistente

192 877 287 955 nullo,
302 877 343 938 ad
356 878 580 960 ipsa-Romana
594 880 709 942 muenia
731 880 774 940 ire
789 878 1014 961 obpugnanda3
1037 878 1148 942 ceteris
1167 900 1238 941 om-

191 962 281 1025 nibus
295 964 327 1026 in
351 965 478 1027 consilio
497 965 641 1028 salutaria
662 965 772 1047 magis,
796 985 886 1047 quam
908 964 1057 1046 speciosa,
1079 965 1238 1039 suadenti-

193 1049 265 1128 bus,
275 1050 445 1134 ‘collegam
457 1053 706 1134 exspectandum,
719 1063 752 1114 ut
762 1049 934 1131 conjunctis
944 1051 1138 1129 exercitibus,
1150 1072 1237 1114 com

181 1135 204 1198 .‘
218 1136 302 1198 muni
312 1137 416 1200 animo
428 1138 615 1220 consilioque
626 1157 689 1200 rem
699 1148 840 1218 gererent
847 1158 857 1213 3
872 1138 993 1199 interim
1004 1137 1140 1218 equitatu
1150 1139 1236 1200 araxi·
1282 1206 1286 1216 .

192 1221 205 1255 ‘
219 1221 326 1304 liisque
343 1223 454 1286 levium
468 1245 620 1287 armorum
635 1226 676 1286 ab
693 1225 789 1288 emsa
804 1223 959 1306 praedendi
975 1223 1099 1284 licentia
1114 1224 1235 1286 bostem
1275 1240 1281 1253 ⁷
1323 1229 1326 1234 ’

191 1307 202 1340 ‘
216 1309 447 1388 cohibendum3‘
459 1311 552 1374 iratus
561 1332 593 1372 se
602 1331 641 1372 ex
650 1311 779 1372 consilio
786 1310 948 1392 proripuit,
957 1310 1136 1392 signumque
1144 1310 1235 1373 simul

191 1393 307 1457 itineris
319 1417 486 1479 pugnaque
502 1397 668 1481 proposuit.
712 1398 723 1430 ‘
736 1397 818 1466 Quin
832 1397 928 1458 immo
942 1395 1055 1458 Arretii
1070 1406 1141 1458 ante
1157 1417 1235 1460 mue·

190 1481 268 1542 ‘nia
283 1481 464 1560 sedeamus,’
491 1484 601 1564 inquit,
625 1483 697 1544 ‘hic
718 1484 801 1544 enim
826 1482 927 1564 patria
948 1494 981 1544 et
1002 1493 1130 1563 penates
1143 1495 1235 1546 ‘sunt

189 1565 200 1600 ‘
217 1565 374 1630 Hannibal
390 1569 517 1630 emissus
532 1590 549 1630 e
564 1570 702 1630 manibus
717 1569 935 1651 perpopuletur
955 1566 1088 1647 ltaliam,
1110 1582 1236 1633 vastan-

190 1651 202 1685 ‘
218 1653 318 1733 doque
334 1664 367 1714 et
380 1654 496 1716 urendo
514 1656 618 1716 omnia
632 1655 671 1718 ad
683 1653 828 1716 Romana
841 1654 955 1716 moenia
976 1656 1132 1737 perveniat
1140 1677 1152 1732 ;
1178 1675 1237 1718 nec

190 1736 289 1801 ‘aute
311 1759 369 1802 nos
392 1740 464 1802 hinc
485 1741 678 1819 moverimus,
699 1760 804 1821 quem,
822 1741 901 1801 sicut
919 1741 993 1802 olim
1013 1739 1177 1803 Camillum
1197 1743 1238 1803 ab

84 1852 89 1860 ·
190 1821 312 1902 ‘Veiis‚
327 1823 363 1888 C.
375 1823 558 1888 Flaminium
573 1827 612 1888 ab
623 1826 746 1888 Arretio
758 1825 863 1886 Patres
875 1824 1060 1890 adeiverintss
1105 1825 1181 1888 Haec
1194 1827 1238 1888 si·
1356 1902 1359 1909 ¹

190 1911 256 1972 mul
271 1912 444 1994 increpans,
467 1933 561 1993 quum
577 1912 662 1974 ocius
684 1912 773 1994 signa
787 1911 914 1972 convelli
931 1908 1064 1991 juberet,
1078 1920 1112 1973 et
1127 1912 1191 1994 ipse
1206 1913 1238 1974 in
1250 1931 1286 1980 a:
1296 1947 1358 1998 equo

188 2015 299 2076 equum
315 1997 490 2076 insiluisset,
500 2019 595 2079 equus
611 2008 737 2080 repente
749 1998 882 2074 conruit,
891 1997 1109 2078 consulemque
1118 1997 1237 2080 lapsum
1248 1999 1382 2062 mmmm

187 2103 278 2164 super
293 2095 387 2165 caput
402 2085 520 2146 effudit.
563 2083 692 2146 Territis
707 2084 858 2161 omnibus,
878 2083 930 2164 qui
945 2084 1028 2152 circa
1042 2096 1139 2162 erant,
1154 2086 1238 2148 velut

187 2166 271 2230 foedo
285 2171 388 2232 omine
405 2169 583 2254 incipiendae
599 2171 652 2250 rei,
675 2170 799 2252 insuper
813 2168 987 2247 mmciatur,
1002 2170 1135 2251 signum,
1150 2172 1234 2235 omni
1247 2186 1343 2249 sanum

188 2255 217 2316 vi
231 2256 377 2319 moliente
392 2257 548 2339 signifero,
572 2256 701 2318 convelli
724 2256 861 2338 nequire.
904 2253 1076 2318 Conversus
1098 2257 1139 2318 ud
1154 2279 1233 2320 nun·
1245 2253 1350 2329 ⁶⁰⁰⁷?ffi·

177 2341 282 2419 .cium,
298 2343 344 2382 ‘²⁸
353 2341 437 2405 Num
452 2344 556 2406 literas
564 2341 707 2426 quoque,'
722 2343 833 2423 inquit,
849 2341 910 2403 ‘ab
920 2353 1030 2404 senatu
1041 2341 1154 2421 adfers,
1166 2365 1234 2425 quae
1244 2329 1332 2383 Μ

188 2427 265 2489 ‘me
279 2449 343 2490 rem
358 2449 462 2511 gerere
477 2430 603 2492 vetent?
627 2429 699 2508 Abi,
709 2429 832 2505 nuncia,
843 2428 965 2510 signum
977 2429 1135 2508 effodiant,
1151 2432 1177 2492 si
1192 2433 1233 2494 ud

175 2512 580 2582 ·‘·convellendum‚·manus
610 2537 671 2599 prae
697 2527 782 2578 metu
807 2513 1040 2598 obtorpuerint?
1085 2514 1232 2580 Incedere

176 2600 258 2663 -inde
274 2623 384 2685 agmen
400 2604 514 2686 coepit3
539 2604 733 2687 primoribus,
752 2622 950 2684 superquam
966 2603 1051 2684 quod
1066 2603 1232 2667 dissenser-

187 2698 243 2751 ant
257 2710 277 2749 a
291 2691 430 2768 consilio,
446 2691 559 2753 territis
575 2691 668 2751 etiam
685 2688 800 2771 duplici
817 2689 958 2770 prodigio
967 2711 985 2767 ;,
1004 2689 1104 2751 milite
1119 2691 1150 2751 in
1165 2692 1233 2753 vul·
1278 2734 1287 2747 .

176 2794 244 2855 gns
258 2775 329 2837 laeto
343 2776 458 2839 ferocia
471 2777 568 2855 ducis,
583 2797 678 2857 quum
692 2796 779 2859 spem
794 2776 893 2856 magis
907 2776 1016 2857 ipsam,
1037 2796 1129 2859 quam
1144 2795 1234 2841 caus·

173 2879 254 2925 ,sem
269 2864 344 2945 spei,
360 2864 539 2927 intueretur.

174 2998 180 3009 .
231 2946 287 3008 lV.
310 2946 477 3028 Hannibal,
504 2950 586 3031 quod
601 2951 667 3031 agri
683 2962 730 3016 est
752 2949 833 3011 inter
847 2947 1015 3011 Cortonam
1026 2950 1138 3013 urbem
1152 2950 1233 3015 Tre-

155 3070 159 3077 ·
185 3030 398 3116 simeoumque
411 3037 534 3113 lacum,
559 3037 642 3097 omni
667 3035 754 3097 clade
776 3035 848 3095 belli
872 3046 1037 3116 persistat,
1058 3056 1119 3116 quo
1134 3040 1234 3119 magis

175 3116 267 3179 iram
282 3119 364 3180 hosti
379 3122 418 3181 ad
440 3121 637 3183 vindicandas
652 3122 805 3191 sociorum
820 3119 947 3200 iujurias
961 3132 1061 3191 acuat.
1105 3120 1147 3183 Et
1165 3122 1233 3203 jam

175 3218 389 3286 pervenerant
419 3207 459 3267 ad
486 3206 696 3267 lucainsidiis
721 3216 806 3282 nem,
840 3205 891 3265 ubi
916 3205 1050 3269 maxime
1074 3210 1101 3247 ²⁹
1112 3220 1235 3270 montes

174 3288 394 3353 Cortonenses
408 3290 605 3355 Trasimenus
630 3292 723 3354 subit.
746 3291 797 3351 via
821 3301 944 3361 tantum
970 3291 1099 3361 interest
1121 3314 1234 3374 peran-

184 3388 288 3457 gruta,
310 3378 448 3441 velutad
463 3379 495 3440 id
511 3379 609 3461 ipsum
625 3378 663 3439 de
683 3377 835 3440 industria
855 3376 962 3439 relicto
977 3377 1097 3458 spatio:
1123 3378 1234 3444 deinde

174 3464 292 3544 -puullo
315 3463 406 3527 latior
423 3465 558 3547 patescit
582 3482 718 3547 canipus,
745 3464 817 3525 inde
843 3464 938 3528 eolles
964 3463 1142 3545 adsurgunt.
1171 3464 1233 3533 ,lbi

185 3559 288 3611 castra
303 3550 333 3611 in
357 3563 465 3633 aperto
488 3551 580 3629 locat,
608 3551 658 3611 ubi
681 3551 746 3631 ipse
768 3570 840 3611 cum
855 3549 938 3611 Afris
960 3549 1054 3611 modo
1069 3549 1233 3634 Hispanis·

187 3656 246 3717 que
262 3636 445 3709 consideret.
489 3636 626 3699 Baliares
641 3648 835 3717 ceteramque
851 3636 948 3698 levem
964 3649 1148 3700 armaturam
1161 3652 1234 3721 post

217 3792 240 3829 ⁹⁷
256 3790 271 3821 ⁴
285 3792 350 3843 Ferri
369 3792 458 3861 agique]
488 3794 573 3859 Diripi.
594 3856 596 3859 Ι
616 3792 693 3842 latini
724 3792 797 3850 derat,
813 3801 840 3839 ut
858 3806 929 3854 quum
944 3789 992 3855 jam
1010 3791 1234 3856 incompertuhoe·

186 3856 293 3907 dixerunt
302 3860 379 3923 serre,
394 3876 461 3925 ogere
477 3876 518 3923 pro
532 3860 634 3921 diripere,
651 3874 693 3907 ex.
723 3858 783 3905 tium
794 3868 863 3913 emet,
880 3856 964 3905 litterae
976 3873 989 3904 a
999 3858 1235 3916 remmafferrentur.

186 3924 263 3987 amplo
282 3937 374 3989 sumpto
394 3942 408 3975 a
429 3926 525 3983 Graecia,
548 3926 587 3989 qui
612 3925 693 3973 eodem
724 3922 809 3985 quibus
817 3922 937 3969 verebatur
949 3931 1068 3969 certamen
1080 3924 1234 3982 committere,

170 3989 499 4055 ⁸ecrasuusurprntliquurrrul
509 3988 598 4051 φέρειν.
622 3990 695 4050 Origo
721 3986 900 4051 jubebaturque,
915 3988 980 4048 quasi
994 3987 1053 4034 vitio
1073 3999 1172 4045 maur,
1194 4002 1233 4037 rc-

185 4064 266 4103 auaem
284 4058 355 4120 hujus
369 4054 490 4103 locuriarir
505 4056 557 4105 inde
574 4067 618 4112 ert,
633 4055 694 4118 quud
724 4054 773 4101 dire
783 4051 881 4099 Romam
890 4063 916 4101 ut
927 4051 1073 4099 comum
1085 4052 1206 4099 abdicaret.

149 4170 152 4175 .
188 4119 416 4183 inpncdnliaruut
432 4120 478 4169 vira
496 4122 599 4185 praedira,
617 4120 693 4169 bomi-
757 4120 778 4155 ²³
794 4116 881 4165 Numer
923 4116 1061 4165 &aarum
1096 4114 1234 4165 Tne-m

186 4199 236 4243 nes,
245 4190 456 4252 pecorajumenta,
464 4182 566 4248 adeoque
575 4194 693 4249 aguirrio,-
724 4184 795 4243 subit]
815 4181 906 4229 Omnes
921 4182 1000 4244 mripu
1015 4183 1041 4227 r'n
1055 4179 1233 4229 mmmm

186 4250 347 4312 alia‘inrnimu,
363 4252 527 4315 etquumagi
545 4250 693 4315 nonpossint
723 4248 816 4311 quidam
835 4246 904 4295 etiarn
924 4247 1024 4295 sumat.
1065 4244 1195 4322 &onorius
1215 4246 1234 4322 l

178 4315 349 4431 suu..
491 4380 546 4431 ....
654 4378 692 4443 .-
723 4312 921 4434 mma·
934 4311 971 4359 ⁷
994 4310 1233 4433 ,mmm

180 4443 245 4509 sm]
268 4448 294 4495 ln
313 4448 357 4497 boc
374 4448 435 4497 dicio
456 4447 547 4511 respicit
569 4446 693 4495 flaminica
724 4442 815 4491 alveum
839 4442 939 4491 molliter
962 4456 1011 4491 aare
1038 4440 1178 4505 demittunt,
1205 4455 1232 4488 ee

187 4510 213 4560 ld
225 4514 283 4576 quod
300 4514 340 4578 ipsi
356 4514 430 4578 primu
444 4528 486 4565 ruo
498 4512 617 4563 consulatu
634 4511 693 4561 acci·
725 4508 840 4559 desidum.
