3092 5200
326 375 382 433 rsa
751 346 964 433 ‘snr'nrvn'

82 544 89 549 ·
201 538 300 593 cnst-
320 524 365 593 Et
389 501 488 609 Nola,
511 502 598 593 sicut
611 527 711 615 priore
747 526 841 609 anno,
855 574 856 581 .
869 540 991 593 senatus
1025 504 1249 610 Romanorum,
1278 505 1366 619 plebs

156 542 295 657 Hane

44 678 50 687 ’
156 672 184 719 n

156 737 280 788 dm

324 616 506 681 Hannibalis
523 629 609 681 erata
639 615 825 701 consiliaque
845 616 967 680 occulta
981 616 1020 681 de
1035 617 1118 680 caede
1142 618 1316 703 principum
1331 633 1364 684 et

323 703 496 788 proditione
518 705 601 768 urbis
622 702 789 767 inibantur.
831 703 947 775 Quibus
961 720 1000 767 ne
1015 704 1143 791 incepta
1209 705 1364 789 cederent,

323 792 403 853 inter
432 790 569 875 Capuam
592 800 751 873 casusque
765 784 960 868 Hannibalis,
980 810 1045 873 que
1073 788 1106 853 in
1161 789 1243 855 'fatis
1267 804 1363 873 erant,
1471 856 1476 863 ,

324 877 465 940 uaducto
482 878 627 956 exercitu,
651 876 762 939 Fabius
784 880 906 959 ⁸⁵super
920 872 1083 939 Vesuvium
1096 878 1128 938 in
1148 878 1255 943 castris
1270 878 1364 942 Clau·

324 964 421 1027 dianis
443 965 600 1043 consedit,
623 964 695 1025 inde
720 961 768 1025 M.
792 962 975 1026 Marcellum
996 964 1208 1047 proconsulem
1228 984 1298 1028 cum
1327 966 1364 1029 iis

324 1052 432 1133 copiis,
454 1072 528 1133 quas
543 1051 687 1129 habebat,
700 1048 814 1113 Nolam
830 1050 861 1112 in
885 1048 1055 1133 praesidium
1075 1050 1170 1115 misit.

156 1132 304 1263 2:⁸qu
356 1136 434 1241 XL
454 1136 497 1200 Et
525 1139 557 1199 in
577 1135 720 1199 Sardinia
741 1158 789 1199 res
804 1138 889 1219 fl'per
901 1135 941 1198 Τ.
956 1134 1108 1199 Manlium
1133 1150 1293 1221 pretorem
1308 1138 1364 1203 ad·

323 1225 488 1289 ministrari
510 1235 628 1307 coeptae,
657 1243 722 1305 quac
745 1222 865 1285 omissae
888 1236 987 1301 erant,
1010 1235 1171 1306 postquam
1187 1226 1226 1297 Q.
1241 1225 1363 1289 Mucius

321 1323 432 1398 prator
458 1312 543 1395 gravi
558 1311 666 1374 morbo
686 1320 734 1372 est
747 1308 914 1393 inplicitus.
953 1307 1099 1390 Manlius,
1123 1312 1249 1375 navibus
1264 1314 1377 1396 longis

323 1400 364 1461 ad
378 1397 502 1460 Carales
527 1397 695 1475 subductis,
720 1397 936 1477 navalibusque
962 1397 1053 1459 sociis
1075 1396 1211 1477 armatis,
1232 1411 1268 1462 ut
1282 1410 1364 1465 terro
1454 1432 1458 1437 ·

323 1507 387 1547 rem
412 1496 541 1567 gereret,
560 1493 593 1545 et
613 1505 634 1544 a
654 1493 782 1565 praetore
805 1484 939 1547 exercitu
961 1494 1100 1568 accepto,
1116 1485 1177 1547 duo
1200 1500 1233 1548 et
1254 1485 1363 1569 viginti

323 1570 419 1634 millia
445 1570 596 1654 peditum,
616 1570 701 1631 mille
733 1579 766 1631 et
786 1569 933 1632 ducentos
955 1571 1072 1651 equites
1098 1570 1241 1635 confecit.
1284 1572 1362 1637 Cum

323 1659 371 1720 his
401 1658 537 1740 equitum
564 1657 760 1741 peditumque
782 1656 877 1740 copiis
909 1655 1063 1739 profectus
1095 1657 1128 1719 in
1155 1678 1260 1740 agrum
1290 1660 1362 1722 hos-

322 1744 411 1823 tium,
431 1744 513 1806 haud
549 1743 655 1826 procul
683 1744 723 1805 ab
747 1740 957 1825 Hampsicorae
990 1742 1097 1806 castris
1124 1755 1224 1808 castra
1307 1748 1365 1810 uit.

321 1829 530 1914 Hampsicora
549 1841 614 1892 tum
630 1830 709 1892 forte
724 1828 879 1913 profectus
903 1840 969 1892 erat
994 1830 1026 1891 in
1046 1828 1220 1894 ⁰⁷l'ellitos‘
1240 1766 1363 1914 gelos,

323 1917 370 1979 ad'
374 1916 564 2000 juventatem
578 1916 768 1995 armandam,
784 1936 844 1999 qua
869 1916 972 2001 copias
988 1928 1132 1999 augeret.
1177 1916 1270 1980 Filius
1285 1917 1361 2001 ejus,

322 2004 451 2067 nomine.
462 2002 600 2084 Hiostus,
624 2004 730 2066 castris
746 2015 893 2087 praerat:
918 2004 955 2081 is,
979 2002 1187 2069 adolescentia
1202 2003 1297 2085 ferox,
1312 2019 1360 2068 te-

320 2110 404 2151 mere
429 2091 538 2174 proelio
563 2090 641 2152 inito
666 2090 749 2152 nnus
772 2089 966 2172 fugatusque.
996 2090 1036 2153 ad
1066 2088 1123 2152 tria
1136 2090 1233 2153 millia
1247 2088 1360 2154 Sardo-

323 2196 387 2237 rum
411 2197 450 2237 eo
476 2177 584 2259 proelio
609 2196 697 2255 casa,
727 2177 926 2257 ”nungenti
947 2175 1042 2239 ferme
1060 2176 1119 2239 vivi
1138 2173 1241 2259 capti.'
1275 2176 1361 2239 Alius

321 2263 471 2323 exereitus
486 2262 584 2345 primo
605 2282 660 2344 per
682 2281 771 2345 agros
787 2262 932 2347 silvasque
946 2261 1019 2345 luga
1038 2263 1178 2345 palatus3
1201 2262 1283 2343 dein,
1300 2282 1360 2346 quo

321 2348 429 2409 ducem
444 2346 557 2428 fugisse
571 2347 654 2409 fama
664 2359 739 2425 erat,
755 2347 796 2409 ad
815 2348 921 2413 urbem
947 2350 1071 2411 nomine
1091 2350 1239 2428 Comum,
1269 2362 1362 2435 caput

322 2431 386 2514 ejus
401 2433 544 2513 regionis,
559 2433 705 2515 confugit.
721 2434 966 2517 debellatumque
983 2456 1020 2496 eo
1035 2436 1143 2517 proelio
1169 2436 1202 2497 in
1218 2434 1362 2501 Sardinia

322 2529 412 2598 esset,
427 2519 458 2579 ni
482 2518 587 2580 classis
601 2518 716 2581 Punica
739 2540 809 2583 cam
826 2521 903 2582 duce
918 2520 1119 2601 Hasdrubale,
1145 2542 1210 2607 quae
1223 2534 1361 2608 tempes-

235 2625 241 2638 ·
322 2593 521 2685 tate'dejecua
535 2604 575 2667 sd
593 2603 728 2668 Baliares
742 2619 819 2685 erat,
835 2607 866 2668 in
884 2619 1021 2690 tempore
1045 2609 1084 2670 ad
1099 2629 1184 2692 spem
1195 2610 1361 2672 rebellandi

203 2756 206 2762 ,
321 2691 501 2756 advenisset.
534 2689 669 2753 Manlius
694 2704 766 2778 post
794 2693 908 2756 lamam
943 2694 1075 2776 adpulsae
1097 2694 1216 2758 Punica
1246 2696 1370 2775 classis,¹

154 3457 273 3525 Mum,

152 3539 281 3665 mm

154 3665 215 3702 Ml

322 2775 446 2838 Carales
464 2798 498 2839 se
524 2778 651 2860 recepit.
674 2799 713 2840 ea
731 2780 855 2843 occasio
876 2777 1086 2864 Hampsicora
1111 2781 1184 2844 data
1210 2781 1305 2844 Poeno
1327 2803 1361 2844 se

317 2861 478 2943 jungendi.
522 2855 706 2944 Hasdrubal,
728 2865 824 2949 copiis
847 2865 881 2926 in
903 2876 1015 2928 terram
1041 2869 1198 2952 expositis,
1213 2879 1245 2932 et
1264 2865 1372 2934 close·

322 2949 447 3010 remissa
463 2947 694 3033 Karthaginem,
710 2951 787 3014 duce
802 2947 1009 3037 Hampsicora
1030 2955 1071 3018 sd
1089 2956 1243 3020 sociorum
1258 2955 1361 3040 populi

322 3031 453 3096 Romani
478 3055 586 3120 agrum
605 3038 812 3120 populandum
841 3039 1006 3120 profectio,
1022 3037 1144 3104 Carales
1165 3054 1362 3128 persennmrs

321 3120 440 3199 eratni
462 3120 602 3186 Manlius
627 3125 876 3188 obvioexercitu
902 3126 940 3187 ab
962 3125 1057 3189 edissa
1081 3147 1151 3191 eum
1166 3129 1362 3214 populations

322 3207 532 3273 continuisset.
575 3208 677 3272 Primo
700 3221 801 3274 casua
836 3213 943 3276 castris
965 3213 1087 3276 modico
1108 3215 1267 3278 intervallo
1291 3225 1362 3279 sunt

322 3291 471 3374 objecta,
489 3296 598 3359 deinde
633 3289 877 3380 procursationes
909 3298 1044 3380 leviaque
1081 3302 1249 3368 certamina
1275 3303 1360 3366 vario

322 3379 538 3444 eventuinita:
561 3378 717 3464 postremo
735 3385 913 3448 descensum
935 3386 968 3448 in
993 3385 1101 3466 aciem,
1115 3386 1270 3470 signisque
1284 3407 1366 3451 cona

320 3464 400 3544 latis,
438 3465 526 3548 justo
555 3468 663 3552 proelio
700 3489 755 3552 per
782 3481 913 3552 quatuor
948 3473 1038 3544 horas
1074 3485 1251 3560 pugnamus.
1294 3473 1356 3541 Diu

735 3642 856 3696 ‘Petne
868 3646 943 3699 Grae.
1069 3665 1072 3672 ’
1134 3663 1137 3670 ’

347 3786 371 3821 ⁸⁵
392 3787 463 3850 &atr
475 3774 593 3840 'Vennum
613 3781 642 3839 επ·
657 3794 733 3842 aava
750 3751 832 3844 cun·
884 3797 908 3836 0⁷
930 3795 1180 3912 enmrsaeaaqsn
1198 3801 1288 3868 prat.
1302 3753 1368 3853 roes

315 3852 399 3917 dacis]
414 3853 474 3915 Lege
490 3859 544 3902 cum
561 3855 744 3921 maternam
755 3860 821 3909 Sua-
853 3863 980 3916 Θησῆα.
1018 3865 1096 3928 Vulgo
1138 3867 1223 3919 ellidss.
1262 3867 1361 3918 *Penta

314 3917 437 4031 m
451 3935 514 3984 capp.
528 3920 566 4014 l7.
576 3931 601 3969 et
611 3922 652 3971 32.
660 3937 736 3987 supra,
747 3936 770 3973 er
781 3926 828 4023 ln.
852 3927 961 4042 mohs?
970 3931 1076 4043 popqqus,
1092 3933 1131 4043 qqi
1146 3932 1234 4044 quelpnip
1244 3933 1361 4046 maugisus

346 4043 371 4078 ⁸⁶
386 4018 432 4095 Per
452 4047 479 4096 T.
498 4037 612 4100 Manlium
627 4052 750 4128 pm]
772 4053 821 4104 Vei
853 4009 973 4108 adsacrum:¹
983 4025 1010 4108 dt
1021 4009 1122 4124 ¹psellibns
1137 4011 1281 4110 υῗώωῐτιῗτ
1292 4013 1366 4110 'un‘dd

315 4106 436 4184 legatam
453 4121 491 4162 est
506 4125 666 4177 metm,
685 4118 722 4166 rel
740 4129 822 4180 pmcnr
850 4120 895 4170 illis
921 4139 1005 4174 noram
1031 4123 1118 4173 Pelliti.
1158 4123 1243 4181 Wrd.
1265 4125 1364 4178 embra·

315 4170 464 4252 Hemonam
478 4188 522 4240 pro
539 4195 570 4257 ep
586 4182 698 4244 quicum
713 4185 974 4251 metraphanes
991 4199 1096 4238 msam
1113 4189 1143 4237 sd
1162 4187 1240 4237 Μ’.
1258 4187 1366 4238 Haralnl·=

313 4249 764 4361 Xfflif‘sffiffiam
778 4257 819 4364 εἰ
850 4248 1364 4380 *amitalem

313 4326 817 4440 hermetem-tuappstfft‘ds.
850 4331 1275 4450 nordmannorum-script
1303 4384 1361 4448 Elis

312 4425 817 4511 monmorenciacense-
850 4445 1116 4512 nnnsmqumrt
1228 4447 1263 4504 '-

311 4492 365 4544 dem
375 4494 437 4546 abm
447 4496 475 4548 ab
486 4506 649 4555 unotnostris
658 4506 724 4558 codd.
767 4536 770 4541 -
951 4553 954 4561 ,
1186 4549 1189 4554 ,
