3092 5200
403 433 412 458 ⁴
441 343 518 406 mn.
533 341 650 404 XXIX.
669 342 908 404 cmxxxiv.
1143 351 1202 408 535

161 498 256 562 nimio
270 495 368 580 maJ'or
382 511 459 578 erat,
485 495 659 584 Syphacem
668 495 808 580 juvante.
850 497 897 560 Ea
910 497 1077 562 multitudo
1092 497 1199 578 divisa,
1211 517 1245 570 υ,
1257 521 1287 574 c,
1297 523 1356 584 540,

160 605 254 666 quum
269 605 339 667 pars
353 606 373 646 a
386 584 486 647 fronte
507 597 658 666 urgueret,
680 604 749 666 pars
763 606 785 646 a
797 596 886 666 tergo
899 605 932 646 se
946 584 1199 666 circumfudisset,
1211 589 1242 638 A»
1252 585 1282 640 ὓ·
1292 592 1352 641 Μ

160 671 320 736 victoriam
329 671 411 734 haud
421 671 544 736 dubiam
554 668 688 754 Syphaci
700 670 785 732 dedit
797 691 806 732 r
828 683 861 732 et
871 692 911 732 ne
920 670 1065 753 effugium
1076 672 1199 755 quidem

158 759 286 840 patebat
296 759 368 822 hinc
383 778 403 818 a
416 757 527 835 fronte,
538 757 610 818 hinc
621 758 660 820 ab
669 767 757 838 tergo
766 756 904 819 inclusis.
925 756 1034 839 ltaque
1043 759 1136 820 ceteri
1144 779 1199 842 pe·

155 844 239 908 dites
252 847 427 928 equitesque
441 844 509 906 cesi
524 854 577 906 aut
591 842 684 926 capti.
699 842 846 906 ducentos
860 842 956 906 ferme
969 845 1086 926 equites
1100 843 1199 908 Masi-

157 931 243 994 nissa
253 933 377 996 circase
390 929 601 1012 conglobatos,
613 929 783 1011 divisosque
793 931 952 992 turmatim
967 931 999 992 in
1013 943 1076 993 tres
1087 944 1199 1013 parter,

153 1037 314 1100 erumpere
324 1015 433 1099 jubet3
457 1017 526 1080 loco
540 1015 696 1100 predicto,
715 1016 747 1078 in
762 1037 854 1098 quem
869 1037 909 1078 ex
923 1017 1072 1101 dissipata
1087 1038 1198 1080 conve*

157 1105 260 1168 nirent
273 1105 356 1186 luga.
401 1102 482 1187 lpse,
505 1123 567 1184 qua
582 1101 765 1181 intenderat,
780 1103 860 1165 inter
874 1103 977 1166 media
988 1105 1052 1168 tela
1065 1106 1200 1170 hostium
1211 1114 1333 1166 Muluius

159 1192 270 1270 evasis
289 1190 357 1254 dna
371 1204 477 1254 mrmae
491 1189 623 1252 harere:
647 1188 744 1252 altera
760 1201 846 1252 metu
861 1189 966 1254 dedita
980 1191 1061 1254 boati
1070 1214 1080 1270 ς
1103 1193 1199 1274 perti—
1211 1195 1352 1258 compsam

157 1277 263 1340 nacior
276 1277 308 1340 in
320 1275 518 1361 repugnando
533 1275 602 1340 telis
617 1275 727 1337 obruta
739 1287 772 1337 et
785 1275 909 1338 confixa
922 1289 979 1340 est.
1022 1273 1199 1344 Verminam
1212 1247 1296 1298 Μ’

133 1416 138 1420 .
157 1383 254 1446 prope
264 1365 398 1447 vestigiis
413 1363 590 1440 instantem,
606 1361 671 1422 “in
680 1361 741 1423 alia
750 1372 841 1444 atque
848 1362 1062 1426 aliaflectcndo
1071 1364 1199 1428 itinera!

158 1450 294 1529 eludens,
318 1451 409 1526 taedio
424 1461 457 1511 et
472 1448 685 1532 desperatione
700 1447 827 1512 tandem
845 1448 969 1528 sessum,
989 1449 1135 1515 absistere
1150 1474 1199 1515 ae-

155 1537 282 1617 'quendo
296 1537 410 1619 codgit.
425 1535 568 1618 ipserum
578 1535 738 1616 sexaginta
745 1534 946 1616 equitibusod
961 1537 1111 1600 minorem
1125 1535 1200 1624 Syr·

159 1622 216 1684 lim
226 1623 378 1706 pervenit.
413 1619 460 1684 lbi
475 1642 545 1684 cum
560 1621 748 1684 conscientia
756 1621 881 1704 egregia
889 1643 969 1706 sape
980 1625 1103 1707 repetiti
1114 1626 1200 1708 regni

159 1710 291 1790 paterni,
306 1710 386 1772 inter
404 1711 431 1749 ‘⁵
443 1706 557 1770 Punica
575 1706 722 1790 Emporia
742 1719 926 1790 gentemque
941 1711 968 1748 ⁸⁶
978 1707 1201 1776 Garamantum

158 1815 252 1858 omne
263 1807 395 1878 tempus,
406 1814 500 1877 usque
511 1794 552 1856 ad
563 1791 600 1856 C.
609 1791 692 1856 lmlii
707 1793 871 1876 classisque
880 1793 1028 1859 Romana
1037 1797 1200 1863 adventum

159 1880 349 1962 inAfricam,
358 1882 536 1944 consumsit.
558 1879 633 1944 Hac
642 1878 777 1942 animum
786 1881 945 1960 inclinant,
956 1894 992 1944 ut
999 1903 1070 1945 cum
1080 1883 1201 1948 modico

159 1968 272 2050 potius,
283 1989 452 2052 quamcnm
462 1987 574 2052 magno
585 1966 724 2050 praesidio
733 1966 1114 2052 equitum,adScipiouem
1123 1963 1201 2054 quo·
1253 2017 1259 2024 .

157 2073 217 2137 qua
230 2069 337 2136 postea
349 2055 465 2118 venisse
476 2052 672 2116 Masinissam
688 2053 831 2116 credam:
855 2055 968 2138 quippe
983 2055 1036 2119 illa
1046 2055 1201 2139 regnantis

158 2141 335 2218 multitudo,
348 2141 411 2204 hac
427 2140 564 2224 paucitas
578 2139 689 2202 exsulis
704 2137 833 2203 lortunoe
848 2143 1029 2206 conveniens
1043 2155 1101 2206 est.

202 2225 352 2292 XXXIV.
389 2223 671 2308 Karthaginienses,
710 2226 760 2288 ala
793 2227 930 2309 equitum
959 2250 1030 2290 oum
1058 2229 1201 2313 praelecto
1212 2242 1339 2310 Karthagi-

159 2313 282 2394 amissa,
300 2315 361 2378 elio
375 2313 513 2398 equitatu
537 2333 591 2394 per
613 2333 724 2374 novum
740 2313 892 2376 delectum
907 2327 1096 2398 comparato,
1110 2315 1200 2380 Han·
1212 2310 1357 2392 nimum·

154 2420 271 2464 nonem
291 2399 473 2464 Hamilcaris
496 2399 591 2463 lilium
605 2399 783 2482 proliciunt.
826 2397 1051 2464 Hasdrubalem
1073 2391 1367 2494 subinde'gss’gff*

156 2505 195 2548 ac
211 2484 381 2570 Syphacem
395 2507 449 2570 per
464 2486 565 2549 literas
580 2485 780 2568 nunciosque,
801 2497 957 2568 postremo
977 2486 1071 2552 etiam
1085 2511 1141 2574 per
1155 2491 1200 2552 le·
1211 2524 1352 2575 mm

156 2585 258 2657 gatos,
280 2585 456 2639 arcessunt:
478 2571 702 2637 Hasdrubalem
729 2591 820 2655 opem
846 2572 925 2637 ferre
949 2595 1045 2659 prope
1067 2577 1199 2641 circum·

155 2680 245 2725 sessa
259 2662 365 2745 patrias
374 2658 506 2745 jubens:
530 2656 703 2744 Syphacem
715 2672 817 2739 orant,
823 2671 866 2722 ut
876 2658 1072 2745 Karthagini,
1085 2676 1121 2727 ut
1130 2666 1199 2727 oni·

156 2768 246 2811 versa
259 2746 544 2811 Alricresubveniat.
580 2746 631 2807 Ad
646 2744 771 2808 Uticam
788 2756 853 2808 tum
865 2760 966 2811 casos
976 2746 1094 2832 Scipio,
1103 2750 1199 2815 ferme

157 2834 241 2898 mille
256 2854 360 2915 passus
380 2835 419 2895 ab
441 2834 527 2911 urbe,
553 2832 698 2907 babebat,
712 2832 893 2895 translatas
907 2835 995 2914 mari,
1017 2837 1069 2897 ubi
1084 2858 1198 2918 pauocrs

159 2920 225 2983 dies
246 2919 358 2981 stativa
384 2916 551 2999 conjuncta
575 2917 664 2979 classi
690 2916 819 2979 fueram.
863 2916 987 2999 Hanno,
1008 2942 1200 3005 nequaquam
1241 2946 1246 2953 ·

157 3006 233 3069 satis
246 3004 358 3082 valido,
369 3025 432 3067 non
444 3001 589 3067 modoad
603 3001 813 3065 lacessendum
824 3003 956 3083 bostem,
970 3007 1026 3069 sed
1039 3028 1079 3087 ne
1092 3004 1133 3071 a'd
1147 3022 1197 3078 tu·,
1261 3012 1265 3019 '

152 3092 255 3155 andos
267 3090 391 3172 quidem
415 3112 435 3153 a
456 3088 702 3173 populationibus
717 3109 819 3171 agros,
843 3091 981 3172 equitatu
1002 3107 1140 3177 accepto,
1166 3096 1199 3158 id

158 3177 441 3259 omnium‘primum
456 3176 531 3258 egit,
552 3186 587 3237 ut
602 3194 654 3257 per
670 3176 923 3256 conquisitionem
938 3199 1095 3242 numemm
1111 3182 1198 3263 equi-

159 3276 225 3327 tum
245 3274 381 3345 augeret.
395 3284 453 3325 nec
467 3261 594 3324 aliarum
609 3260 747 3343 gentium
770 3262 977 3346 adspemntus,
1000 3267 1134 3330 mxime
1148 3280 1198 3331 ta.

157 3370 230 3412 men
243 3348 392 3412 Numidas
409 3348 454 3429 (id
469 3349 560 3431 longe
573 3348 703 3430 primum
719 3349 855 3429 equitum
869 3350 902 3411 in
913 3350 1018 3413 Africa
1031 3354 1194 3437 estgenus)

12 3430 14 3453 ⁸
150 3436 306 3499 conducit.
347 3434 419 3529 lam
445 3435 486 3498 ad
508 3446 637 3517 quatuor
660 3434 755 3497 mima
778 3435 914 3518 equitum
936 3438 1081 3519 habebat,
1102 3460 1195 3524 quum

587 3590 599 3627 r
614 3580 772 3633 timerer-

185 3700 209 3737 θ*
230 3700 258 3749 ln
276 3702 322 3749 ol'u
342 3709 408 3764 atqua
426 3697 600 3763 oliastamdo
620 3700 661 3746 iti·
692 3699 771 3747 ubrrit.
816 3696 867 3746 Um
903 3700 979 3749 datm
1010 3705 1073 3767 φα,
1112 3705 1197 3769 lapan,

154 3764 217 3829 nm]
235 3765 474 3815 Dumlectititerin
487 3762 661 3826 sliatmmlla
691 3762 748 3811 Nou
767 3763 802 3811 ita
822 3762 891 3824 louge
906 3764 938 3812 ab
956 3780 984 3815 aa
999 3768 1103 3820 lardum
1121 3773 1199 3820 ῦιη.

154 3831 215 3881 tan.
246 3831 357 3880 &aarum
379 3830 416 3879 bic
436 3829 553 3892 legabatm
571 3830 660 3877 isim
692 3840 791 3885 mames,
808 3830 925 3880 meridiem
946 3846 1032 3882 rama.
1064 3834 1096 3885 Bt
1112 3840 1196 3886 mml-

156 3892 661 3960 Quodquunminuphrcrenronerlmu
692 3892 753 3942 niara
777 3904 877 3958 meet,
901 3895 1046 3947 armni-m
1069 3912 1127 3950 mse
1151 3901 1197 3951 huc

152 3975 186 4011 ex
202 3962 294 4025 oprimis
310 3961 456 4026 parmaque
471 3960 566 4023 scriptis.
609 3958 661 4007 lloe
691 3958 746 4007 illuc
763 3974 846 4019 ragam
866 3974 964 4021 mane,
980 3976 1005 4011 et
1023 3964 1073 4011 loca
1093 3968 1165 4016 erim
1181 3983 1197 4016 a

154 4026 420 4151 amesa
430 4023 660 4153 muru·
690 4024 1004 4154 nonem:
1108 4034 1196 4083 aa·

154 4170 231 4204 mum.
722 4150 746 4187 θ’
762 4153 925 4203 mmmm
939 4172 1004 4207 m
1018 4168 1103 4223 taujan
1116 4162 1194 4225 ιψ]

156 4250 159 4259 ›
187 4218 210 4255 ⁸⁵
237 4218 324 4270 Pasira
347 4218 462 4282 mpura]
490 4216 595 4279 intellige
620 4232 659 4266 ra·
693 4216 753 4267 Hae
763 4219 831 4267 rerba
841 4220 907 4269 nobis
917 4221 981 4271 aolus
992 4226 1096 4274 exhibuit
1105 4224 1196 4279 Victor.

14 4322 17 4355 r
154 4284 547 4351 mmmmm-‚aas
579 4284 658 4333 Dera
689 4284 769 4334 ames.
803 4282 1198 4355 ltshqotwssmnqm

153 4364 241 4408 mma,
266 4350 283 4400 Ι.
311 4362 406 4401 xxxiv.
432 4366 455 4399 a.
475 4350 514 4399 62.
535 4350 568 4398 ric
589 4348 658 4399 babet
691 4346 823 4401 Gronovius·
840 4351 946 4409 exeun,
962 4353 991 4402 in
1007 4368 1094 4406 unm·
1127 4356 1196 4408 Nion

151 4424 244 4466 marr
274 4414 376 4476 mm
404 4422 482 4465 aunt
511 4429 558 4463 rara
586 4416 658 4479 ragio·
693 4424 772 4463 tumeo
798 4415 1196 4487 videmmqumearrpurflan

151 4477 825 4545 mmmmmsyrtimtrgrldebrrmm.
