3092 5200
460 375 539 436 LlB.
552 375 678 434 xxiv:
692 375 775 434 CAP.
788 375 905 434 xxm.
1149 381 1207 437 221

208 529 328 595 XXlll.
349 529 422 592 Post
435 529 515 590 lianc
531 529 701 590 orationem
717 529 815 590 claves
830 539 988 610 portarum
1014 531 1209 615 pecuniaque
1221 536 1255 610 Uf
1267 535 1297 585 0·
1308 541 1378 592 5³85

168 621 258 702 regiae
270 629 345 680 'ante
359 617 453 698 pedes
468 635 573 678 eornm
588 616 808 698 poenitetque
822 615 876 676 illo
890 617 1012 695 quidem
1028 618 1077 678 die
1092 619 1209 680 dimissi
1221 603 1254 651 A.
1266 602 1372 678 etms

169 727 208 769 ex
237 705 385 767 concione
410 703 481 779 laeti,
504 701 585 763 circa
608 702 713 763 omnia
737 701 811 764 laria
834 699 937 763 Deum
966 703 1212 785 supplicaverunt

168 811 237 854 cuin
252 790 432 872 conjugibus
447 809 482 850 ac
498 789 600 850 liberis
616 809 624 848 t
660 799 783 870 postero
807 788 858 849 die
883 789 1010 850 coniitia
1033 791 1210 872 pictoribus
1224 802 1337 851 Praetores

169 878 306 942 creandis
330 876 444 938 habita.
488 873 615 936 Crestus
639 874 670 935 in
694 875 800 956 primis
825 874 1086 952 Andranodoriis3
1116 877 1213 938 cetcr‘t
1223 868 1342 931 &nemu

169 985 282 1046 magna
307 973 455 1045 exparte
482 961 690 1022 interfectores
713 961 844 1044 tyranni.
860 961 938 1022 diros
952 962 1046 1023 etiam
1061 963 1212 1040 absentes,
1223 944 1341 984 ‘mm'
1367 983 1372 991 ·

170 1051 333 1134 Sopatrum
359 1070 395 1110 ac
419 1046 634 1124 Dinomenem,
661 1046 808 1109 lecerunt.
856 1049 881 1086 ¹⁸
908 1049 1126 1126 Qui,'auditis,
1147 1049 1213 1132 quae

171 1137 325 1221 Syracusis
350 1147 422 1198 acta
446 1145 543 1211 erant,
569 1133 731 1215 pecuniam
757 1133 884 1215 regiam,
907 1154 974 1214 qua
996 1135 1029 1194 in
1057 1133 1213 1196 leontinis

169 1235 245 1301 erat,
268 1221 432 1306 Syracusas
449 1221 616 1297 devectam,
639 1221 837 1301 quiestoribus
862 1220 902 1281 ad
925 1221 958 1281 id
981 1221 1081 1302 ipsum
1105 1223 1214 1282 creatis

169 1311 383 1374 tradiderunt:
423 1311 446 1354 ¹⁷
471 1319 503 1368 et
528 1327 575 1385 ea,
598 1326 665 1387 que
690 1307 721 1368 in
751 1305 855 1368 Insula
882 1317 949 1368 erat
974 1319 1006 1369 et
1026 1307 1215 1385 Achradina,

171 1397 286 1459 tradita
310 1407 381 1473 est3
416 1395 552 1473 murique
578 1413 616 1454 ea
639 1413 718 1476 pars,
745 1413 812 1473 que
836 1394 875 1454 ab
897 1409 999 1454 cetera
1020 1395 1096 1455 urbe
1125 1395 1215 1455 nimis

171 1484 260 1545 lirino
283 1482 473 1544 munimento
496 1479 712 1561 intersepiebat
737 1477 881 1556 Insulam,
906 1499 1054 1541 consensu
1078 1481 1215 1543 omnium

173 1570 295 1651 dejecta
315 1580 372 1629 est.
397 1576 506 1628 secuta
531 1577 564 1626 et
587 1577 694 1626 ceterae
717 1586 765 1627 res
791 1565 872 1627 lianc
895 1565 1125 1628 inclinationem
1147 1568 1215 1628 ani-

173 1675 293 1716 morum
308 1653 349 1715 ad
364 1653 547 1713 libertatern.
590 1649 796 1733 Hippocrates
812 1664 903 1733 atquc
925 1650 1089 1736 Epicydes,
1111 1654 1217 1714 audita
1229 1671 1385 1736 Hippouris·

175 1753 275 1802 morte
290 1739 421 1822 tyranni,
436 1757 527 1818 quani
552 1735 766 1819 Hippocrates,
789 1739 880 1798 etiam
906 1740 1020 1800 nuncio
1044 1737 1377 1817 intersectosstssiicide·

176 1827 275 1889 celare
290 1825 437 1901 voluerat,
460 1824 569 1885 deserti
585 1844 604 1884 a
618 1823 776 1901 militibus,
791 1825 863 1903 quia
890 1826 915 1862 ¹⁸
930 1825 962 1885 id
977 1825 1163 1886 tutissimum
1178 1845 1217 1926 en
1228 1802 1374 1914 wlff

175 1912 374 1996 presentibus
387 1911 556 1986 videbatur,
577 1907 741 1991 Syracusas
766 1910 894 1970 rediere.
916 1913 942 1950 ¹⁹
956 1911 1062 1971 ubine
1086 1922 1218 1992 suspecti
1230 1931 1328 1979 niualem
1338 1930 1369 1978 ii.

174 1999 407 2060 obversarentur
417 2006 441 2073 ⁸,
464 2007 620 2076 tamquam
644 1995 775 2056 novandi
799 2015 847 2056 res
870 1996 1003 2076 aliquam
1027 1997 1219 2058 occasionem
1230 1996 1332 2046 munt.
1368 2071 1373 2079 ·
1427 2079 1431 2088 Ι

175 2095 352 2206 quarentes,
367 2093 509 2182 praetores
524 2082 668 2190 primum,
682 2081 752 2142 dein
764 2080 788 2181 ¹²·
806 2101 861 2162 per
874 2102 928 2142 eos
942 2094 1081 2182 senatum
1096 2082 1220 2144 adeunt.
1257 2089 1268 2175 ν’

202 2171 251 2232 Ab
280 2168 454 2230 Hannibale
480 2187 513 2228 se
539 2187 646 2228 missos
699 2167 865 2248 pradicant
895 2167 960 2228 ‘ad
990 2165 1221 2251 Hieronymum,

176 2259 358 2338 ‘tamquam
373 2255 504 2316 amicum
520 2273 555 2314 ac
577 2253 704 2314 socium.
723 2252 858 2334 paruisse
881 2253 1011 2334 imperio
1036 2253 1113 2334 ejus,
1135 2253 1222 2335 cujus

178 2343 190 2377 ‘
204 2343 368 2424 imperator
392 2361 463 2402 suus
486 2340 626 2402 voluerit.
639 2339 716 2400 vello
741 2339 782 2400 ad
796 2333 1002 2401 Hannibalem
1016 2340 1124 2401 redire.
1138 2352 1223 2401 cete·

178 2429 189 2462 ‘
204 2448 281 2505 rum,
295 2447 387 2510 quum
403 2427 461 2488 iter
477 2437 577 2488 tutum
592 2445 654 2487 non
669 2426 719 2503 sit,
733 2425 914 2506 vagantibus
929 2427 1041 2506 passim
1055 2446 1111 2508 per
1124 2437 1224 2488 totam

179 2513 341 2576 ‘Siciliam
356 2512 501 2575 Romanis
516 2513 619 2589 arinis,
645 2523 759 2594 petere,
786 2523 820 2574 ut
843 2511 974 2594 presidii
1001 2513 1076 2574 dent
1098 2512 1224 2594 aliquid,

179 2604 266 2685 ‘quo
282 2601 393 2663 Locros
409 2601 440 2661 iii
465 2598 585 2661 ltaliam
607 2599 823 2681 perducantur.
846 2600 978 2680 gratiam
1002 2620 1145 2681 magnam
1172 2620 1226 2661 eos

181 2689 299 2771 ‘parva
314 2708 407 2770 opera
421 2686 501 2769 apud
517 2684 722 2748 Hannibalem
738 2684 887 2748 inituros.'
932 2684 1035 2747 Facile
1056 2707 1103 2748 res
1126 2688 1226 2768 impe-

180 2786 283 2838 trata:
307 2776 391 2837 abire
407 2773 488 2834 enim
504 2772 596 2834 duces
620 2772 730 2853 regios,
756 2791 849 2852 quum
872 2772 987 2855 peritos
1013 2772 1138 2850 militia,
1160 2784 1226 2834 tum

179 2872 307 2942 egentes
332 2859 457 2921 eosdem
481 2869 572 2939 atque
598 2858 741 2935 audaces,
756 2858 941 2940 cupiebant:
964 2859 1030 2934 sed,
1047 2860 1130 2942 quod
1143 2860 1227 2921 vole·

180 2950 267 3024 bant,
287 2966 359 3023 non,
381 2964 473 3026 quain
488 2954 642 3005 maturato
657 2964 734 3025 opus
748 2956 825 3021 erat,
839 2948 868 2983 ²⁰
883 2945 999 3006 naviter
1013 2944 1227 3027 expediebant.

182 3032 309 3094 Interim
320 3031 448 3112 juvenes
462 3030 609 3091 militares
624 3041 655 3091 et
671 3030 790 3091 adsueti
805 3025 964 3107 militibus,
981 3050 1063 3091 nunc
1077 3031 1160 3112 apud
1174 3052 1227 3094 eos

183 3119 277 3201 ipsos,
291 3136 372 3178 nunc
387 3115 469 3196 apud
483 3115 664 3196 transfugas,
680 3135 809 3195 quorum
823 3116 958 3176 maxima
973 3135 1043 3196 pars
1057 3136 1097 3177 ex
1110 3118 1229 3177 navali*-

184 3205 240 3265 bus
254 3203 345 3263 sociis
360 3200 568 3262 Romanorum
584 3212 660 3277 erat,
681 3220 762 3261 nunc
786 3201 880 3261 etiam
904 3201 985 3281 apud
1007 3201 1118 3262 infima
1131 3201 1228 3283 plebis

183 3290 334 3366 homines,
360 3286 488 3349 crimina
512 3286 652 3348 serebant
667 3287 707 3347 in
733 3296 874 3349 senatum
899 3287 1144 3369 optimatesque:
1172 3289 1230 3350 ‘id

312 3499 325 3535 t
338 3492 501 3541 demerim
512 3486 586 3538 omn.
861 3486 874 3521 l
889 3489 966 3537 deinde
977 3464 1132 3537 cionem.

185 3665 300 3715 lasciviam
312 3676 395 3716 venit.
428 3664 502 3715 Nobis
511 3663 691 3729 patiurvidetnr
722 3665 821 3726 gendum
848 3660 964 3712 videtur:
995 3661 1026 3710 n
1052 3679 1079 3712 ca
1110 3651 1228 3728 (pecunia)

188 3732 500 3860 Siglqni‘iziiiicrpirqtnti'qqR
569 3794 620 3841 m
722 3746 769 3843 iu:
780 3747 811 3843 pp
829 3728 975 3786 lunilocrct,
990 3728 1140 3778 Achradinam
1155 3738 1228 3778 ltm-

282 3813 449 3845 mcuiuiu
501 3808 576 3843 ciecui
622 3807 689 3841 rono·
731 3814 744 3843 a
813 3827 820 3842 .

189 3863 238 3910 riui
255 3863 359 3911 voculam
378 3864 415 3921 ila,
430 3876 497 3924 quam
517 3860 611 3915 retinet,
625 3874 638 3907 a
654 3872 691 3906 se·
758 3860 779 3894 ¹⁸
791 3860 807 3888 ⁹
823 3856 864 3920 Id]
882 3856 985 3922 Nempe,
995 3870 1023 3906 nt
1034 3859 1157 3923 Syracusas
1167 3858 1230 3905 redi·

191 3928 352 3976 cundetamen
367 3942 446 3987 manu,
462 3925 535 3974 codex
552 3924 606 3971 Put.
639 3922 691 3970 Nec
724 3938 787 3975 rent.
1081 3946 1084 3950 ²

190 3992 394 4041 nibilillaeonl'eit
410 3994 438 4039 sd
454 3992 564 4053 majorem
583 3988 693 4037 orationis
759 3993 780 4027 1⁹
814 3986 858 4035 Ubi
883 4002 911 4034 ue
936 3985 1037 4049 nuptas
1053 3985 1227 4048 oboemmtor]

190 4058 343 4120 iutegritatem
354 4070 379 4107 et
389 4056 525 4107 claritatem.
725 4054 775 4104 Hic
792 4054 901 4101 mendum
921 4053 995 4099 editos
1012 4066 1093 4100 omncs
1108 4062 1132 4099 et
1142 4052 1231 4115 pleica-

222 4124 243 4161 ¹⁷
270 4122 300 4171 Et
325 4141 352 4173 aa
378 4138 426 4185 quc
452 4124 477 4170 iti
491 4120 582 4169 'lma
603 4127 651 4167 erat
671 4127 693 4167 et
725 4136 771 4183 que
791 4119 885 4181 scriptos
905 4116 1031 4180 obtinebat,
1058 4117 1230 4165 moder.

189 4188 326 4249 Achradina,
357 4190 440 4237 tradita
471 4185 514 4251 est]
553 4184 692 4249 campanar,
725 4186 782 4234 Duo
797 4182 915 4243 cuneda,
930 4181 992 4231 inter
1010 4196 1068 4246 quos
1086 4180 1231 4240 nameus

191 4255 303 4316 Andreas,
319 4256 366 4302 duo
384 4252 456 4301 MSS.
477 4268 490 4300 a
510 4250 692 4300 Gronovlo'ine-
725 4267 805 4320 veroin
815 4262 942 4297 temnere.

194 4320 285 4381 morati,
301 4330 326 4368 et
342 4332 422 4368 cinnes
437 4318 518 4377 nostri,
535 4329 613 4366 carent
622 4315 694 4381 parti·
757 4318 782 4351 ω
791 4316 807 4346 ⁸
819 4313 923 4377 Naviter]
938 4312 1112 4376 Suppleodaest
1122 4330 1151 4362 ex
1161 4326 1230 4361 musii

192 4382 244 4430 cula
261 4392 301 4431 et:
322 4384 424 4448 plerique
440 4394 517 4433 autem
537 4382 612 4431 cxliii
624 4380 694 4429 MSS.
726 4380 836 4448 particula
854 4388 909 4438 tatii,
925 4394 977 4440 qua
995 4383 1129 4443 respondeat
1145 4392 1231 4443 prato·

193 4446 280 4495 liabent
302 4448 470 4507 Achradinam
504 4448 595 4512 quidam
624 4447 694 4496 etlam
726 4448 791 4497 denti
805 4460 878 4509 qum.
910 4443 967 4491 Non
985 4455 1033 4496 tani
1050 4446 1147 4507 naviter,
1161 4458 1231 4510 quani
1331 4470 1340 4477 ·

192 4514 300 4565 tranum
320 4522 360 4565 ut.
403 4515 483 4581 niqui
503 4516 548 4565 lice
570 4512 694 4567 modele-
727 4519 981 4577 commmitteret.
