3092 5200
448 370 667 433 mnxxvn.
686 372 769 434 cnP.
779 372 890 432 XLIX.
1127 378 1198 436 '429

146 524 340 589 'dissimiliter
352 527 479 589 navibus
487 525 558 589 ¹sine
573 527 779 609 gubernaculo
790 528 885 608 uagis.
915 526 1072 606 Claudius,
1089 529 1100 563 ‘
1115 530 1198 601 Quid
1212 532 1245 605 U.
1258 544 1287 594 ο.
1299 548 1355 605 545.

152 612 166 646 ‘
178 634 252 695 ergo
267 613 412 697 praecipiti
425 612 514 675 cursu
528 625 592 675 tam
606 614 733 694 longum
748 614 806 674 iter
826 613 940 673 emensi
959 634 1062 675 sumus
1072 615 1101 675 ?'
1134 611 1243 679 cla-A·
1254 610 1283 671 0·
1294 610 1353 663 ²⁰7·

152 700 266 761 mitans
281 700 437 778 militibus,
453 720 545 782 quum
560 700 592 759 in
608 699 766 760 adversum
781 699 892 761 collem
908 698 1021 761 frustra
1035 700 1124 781 signa
1137 705 1197 763 eri·
1284 728 1288 735 ·

54 814 59 819 v
152 806 225 865 gere
238 794 367 849 coriatus
381 798 473 864 esset,
484 797 645 869 postquam
661 805 699 845 ea
713 785 839 865 regione
853 785 1005 867 penetrari
1021 786 1060 846 ad
1076 786 1196 851 hostem

142 891 216 933 ⁴non
228 872 350 933 videbat
368 892 475 953 posse3
499 870 641 934 cohortes
656 871 775 951 aliquot
789 870 955 933 subductas
970 892 987 931 e
1003 871 1112 933 dextro
1129 893 1197 935 cor·

141 976 205 1033 nu,
227 956 279 1018 ubi
306 958 469 1019 stationem
492 957 601 1039 magis
616 977 766 1038 segnem,
783 977 874 1039 quam
898 976 1042 1039 pugnam,
1065 957 1198 1021 inituram

153 1043 309 1119 cernebat,
331 1055 402 1125 post
425 1044 523 1105 aciem
546 1043 756 1105 circumducit.
780 1056 823 1120 et,
847 1064 910 1105 non
934 1043 1072 1105 hostibus
1094 1045 1198 1124 modo,

141 1128 207 1189 sed
231 1129 334 1189 etiam·
349 1130 411 1190 sais
435 1130 676 1211 inopinantibus,
698 1132 724 1167 ⁴⁴
741 1130 772 1189 in
797 1128 952 1191 sinistrum
968 1130 1102 1191 hostium
1117 1130 1198 1193 latus

144 1214 298 1276 incurrit:
323 1226 476 1297 tantaque·
485 1216 625 1277 celeritas
633 1215 707 1293 luit,
720 1226 765 1293 ut,
782 1222 873 1296 quurh
889 1215 1095 1278 ostendissent
1110 1238 1143 1277 se
1159 1218 1198 1279 ab

151 1298 259 1377 latere,
282 1322 356 1362 mox
379 1302 411 1362 in
430 1313 517 1381 terga
527 1300 593 1383 jam
608 1313 787 1384 pugnarent.
831 1299 879 1362 lta
894 1322 932 1363 ex
947 1302 1086 1363 omnibus
1101 1304 1199 1384 parti·

152 1384 219 1462 bus,
242 1387 282 1447 ab
303 1387 415 1465 fronte,
436 1384 476 1447 ab
491 1388 596 1465 latere,
618 1388 658 1447 ab
673 1398 770 1467 tergo,
794 1387 982 1449 trucidantur
997 1386 1128 1470 Hispani
1145 1386 1206 1450 Li·'
1291 1380 1294 1389 ’

144 1491 322 1552 guresque:
345 1483 378 1534 et
392 1472 433 1534 ad
445 1471 552 1535 Galim
562 1472 629 1555 jam
644 1474 739 1535 cades
755 1485 943 1555 pervenerat.
977 1472 1024 1535 lbi
1038 1475 1199 1537 minimum

153 1557 330 1619 certaminis
344 1558 412 1620 luit.
426 1578 498 1619 nam
514 1571 546 1621 et
561 1580 630 1641 pars
645 1578 758 1640 magna
772 1560 812 1620 ab
832 1559 925 1640 signis
946 1560 1084 1636 aberant,
1106 1572 1200 1623 nocte

141 1642 277 1725 dilapsi,
300 1644 445 1725 stratique
469 1666 577 1707 somrm
591 1646 704 1727 passim
723 1665 779 1726 per
794 1666 904 1726 agros:
928 1656 971 1722 et,
994 1646 1044 1726 qni
1061 1646 1200 1724 aderant,

154 1720 321 1790 itinereac'
340 1726 451 1812 vigiliis
475 1730 557 1808 lessi,
579 1731 849 1793 intolerantissima
863 1731 973 1795 laboris
988 1752 1126 1813 corpora,
1147 1733 1200 1794 vix

144 1829 242 1875 ‘arma
254 1814 387 1876 hameris
407 1818 580 1898 gestabant.
624 1816 666 1878 Et
676 1815 742 1897 jam
757 1817 818 1878 diei
834 1818 968 1878 medium
984 1829 1059 1895 erat,
1075 1818 1200 1899 sitisque

154 1910 188 1961 ct
202 1901 287 1962 calor
300 1901 420 1963 hiantes
433 1903 593 1965 credendos
608 1903 833 1985 capiendosque
848 1902 976 1965 adfatim
992 1904 1153 1985 praebebat.

198 1984 314 2047 xblx.
345 1985 509 2069 Elephanti
539 1989 640 2070 plures
671 1989 710 2050 ab
739 1989 812 2072 ipsis
839 1990 1017 2066 rectoribus,
1049 2010 1140 2070 quam
1161 1990 1200 2051 ab
1213 2010 1361 2075 mnnita

142 2073 261 2150 hoste,
276 2073 440 2135 interlecti.
455 2074 562 2136 labrile
577 2075 728 2157 scalpnrm
744 2094 814 2137 curn
831 2076 943 2137 malleo
958 2076 1134 2138 habebant:
1157 2075 1200 2155 id,
1212 2078 1338 2155 rescisa

77 2152 79 2156 ’
144 2158 207 2218 'ubi
226 2159 328 2220 sevire
350 2160 457 2221 bellua
479 2182 523 2221 ac
538 2180 624 2222 ruere
638 2161 671 2221 in
686 2180 756 2222 suos
771 2173 939 2243 coeperant,
963 2162 1108 2243 magister
1122 2162 1202 2225 inter
1214 2140 1338 2193 mm·

112 2302 116 2310 .
142 2264 242 2305 aures
258 2245 402 2328 positum,
424 2246 491 2329 ipso
514 2247 546 2307 in
570 2246 710 2324 articulo,
725 2266 786 2327 quo
808 2246 947 2329 jungitur
971 2248 1064 2331 capiti
1081 2249 1202 2329 'cervisa

145 2343 273 2410 ¹quanto
297 2332 432 2394 maximo
456 2343 578 2414 poterat
600 2333 675 2409 ictu,
696 2332 851 2413 adigebat.
894 2330 941 2394 Ea
965 2333 1126 2395 celerrima
1153 2334 1202 2396 ria

143 2417 264 2478 'mortis
276 2416 309 2479 in
324 2429 417 2480 tanta
430 2419 521 2480 molis
536 2418 637 2479 bellua
651 2418 773 2480 inventa
797 2430 873 2495 erat,
897 2418 946 2479 nbi
971 2419 1094 2500 regendi
1115 2440 1201 2502 spem

144 2502 308 2565 'viciment
337 2505 511 2586 primusque
537 2504 568 2565 id
597 2502 769 2565 Hasdrubal
804 2504 985 2582 instituerat,
1019 2505 1080 2567 dun
1104 2514 1200 2586 'quum
1214 2514 1364 2565 hastrubal·

143 2602 235 2670 'saepe
250 2589 324 2651 alias
338 2590 555 2669 memorabilis,
579 2603 646 2653 tum
660 2590 714 2652 illa
728 2590 878 2673 praecipue
894 2611 1006 2674 pugna.
1051 2590 1104 2654 llle
1122 2613 1200 2674 pug-
1212 2579 1330 2636 ΨΜ

142 2686 264 2737 nantes
284 2677 448 2756 hortando,
463 2678 635 2760 pariterque
649 2677 792 2738 obeundo
807 2677 951 2760 pericula,
966 2677 1127 2740 sustinuit:
1150 2680 1201 2742 ille

144 2761 251 2823 ‘fessos
267 2763 602 2844 abnuentesqae'taedio
628 2775 662 2824 et
687 2763 802 2840 labore,
828 2782 908 2824 nunc
931 2765 1095 2844 precando,
1118 2785 1201 2828 nunc

157 2849 348 2927 castigando,
371 2849 530 2912 accendit:
563 2848 614 2910 ille
638 2847 788 2927 fugientes
813 2849 975 2926 revocavit,
998 2850 1202 2932 omissamque

144 2948 290 3013 'pugnam
307 2935 424 3014 aliquot
438 2935 514 2995 locis
536 2933 679 2996 restituit.
701 2950 867 3014 postremo,
890 2953 982 3014 quum
1003 2936 1085 2998 hand
1110 2937 1201 2998 dubie

144 3019 278 3080 fortuna
291 3020 426 3080 hostium
441 3033 534 3097 esset,
557 3023 585 3058 ⁴⁵
598 3039 637 3078 ne
660 3029 831 3102 superesset
850 3031 942 3080 tanto¹
952 3022 1098 3082 exercitui
1113 3041 1201 3083 suum
1215 3039 1311 3102 Egregie

145 3123 269 3164 nomen
290 3119 410 3182 secuto,
427 3106 583 3166 concitato
600 3123 691 3183 equo
720 3124 752 3165 se
782 3104 813 3164 in
843 3104 999 3166 cohortem
1030 3105 1201 3168 Romanam
1213 3121 1315 3181 rpem·
1323 3124 1362 3159 cs·

145 3189 283 3250 inmisit.
327 3189 384 3268 lbi,
396 3201 441 3251 nt
462 3200 549 3271 patre
575 3187 752 3250 Hamilcare
777 3201 809 3250 et
828 3187 1002 3250 Hannibale
1022 3190 1114 3253 fratre
1133 3193 1201 3274 ‹lig-
1213 3171 1256 3222 ¹¹¹¹·

155 3295 230 3336 num
257 3286 332 3353 erat,
353 3295 493 3357 pugnans
518 3274 638 3337 cecidit.
682 3273 856 3357 Numquam
880 3295 917 3336 eo
943 3275 1023 3338 bello
1049 3297 1110 3338 nna
1136 3279 1202 3342 acie

144 3372 276 3422 tantum
292 3362 425 3423 hostium
440 3361 635 3423 interfectum
658 3359 917 3441 est,·redditaque
939 3381 1025 3442 aqua
1048 3361 1201 3428 Cannensi
1318 3439 1323 3444 Ι

143 3446 271 3523 clades,
288 3447 333 3508 vel
355 3448 451 3522 ducis,
474 3448 520 3509 v'el
535 3447 684 3510 exercitus
698 3447 833 3525 interitu,
850 3446 1017 3510 videbatur.
1060 3452 1087 3490 ⁴⁰
1104 3449 1201 3520 Quin·
1215 3449 1330 3510 sonans

143 3534 305 3614 'quaginta
329 3555 383 3595 sex
397 3533 493 3595 millia
507 3534 640 3596 hostium
656 3534 777 3595 occisa:
806 3545 898 3614 capta
912 3534 1044 3615 quinque
1060 3535 1156 3598 millia
1170 3549 1203 3600 et
1215 3521 1294 3601 {aab
1304 3541 1344 3576 “¹

144 3620 394 3701 ‘quadringentis
427 3620 612 3701 praedaalia
634 3639 748 3700 magna
771 3620 958 3682 tum-omnis
982 3621 1112 3702 generis,
1134 3603 1263 3686 mmm

158 3705 222 3766 auri
249 3705 343 3767 etiam
377 3707 563 3789 argentique.
621 3705 753 3768 Civium·
770 3706 863 3768 etiam
894 3705 1112 3783 Romanorum,
1149 3709 1201 3791 qui

145 3791 241 3872 -capti
257 3791 340 3874 apud
353 3792 458 3855 hostes
473 3803 571 3869 eraut,
592 3811 687 3875 supra
698 3801 862 3872 quatuorln
885 3792 981 3856 millis
997 3794 1134 3876 capitum
1153 3815 1200 3857 re·

514 3975 519 3986 ·
537 3969 555 3993 “
571 3967 774 4031 metumientem
784 3967 845 4032 llap.
875 3983 878 3990 ·

190 4109 213 4142 ⁴⁴
229 4107 259 4158 ln
275 4111 387 4160 siniam:
404 4109 496 4160 hocius:
511 4108 582 4171 latur]
601 4111 663 4170 Lege
694 4125 770 4158 naum
791 4107 872 4171 secuta]
902 4107 986 4160 Parum
1009 4111 1115 4158 interest.
1158 4109 1203 4158 Sed

157 4175 252 4222 omuino
265 4177 291 4221 is
306 4177 415 4225 dextrum
448 4174 557 4224 taedius
571 4175 663 4222 siniam
694 4187 772 4223 ramea
795 4173 847 4222 l’ut.
867 4175 943 4222 liber:
974 4173 1009 4222 Ns
1024 4183 1128 4236 superstet
1144 4183 1205 4224 :aaa

156 4254 229 4287 coma
246 4234 346 4288 bostium
364 4239 478 4305 oppositus
495 4240 664 4288 circumductas
695 4241 962 4288 mmituimmnnomen
971 4248 1042 4286 uculo
1052 4248 1109 4287 emt.

157 4315 312 4366 patruorum
322 4303 663 4369 aciemrobonesinHispanos
725 4302 748 4338 ⁴⁶
765 4302 975 4366 Qrelnquagintarer
988 4303 1070 4366 millia]
1088 4301 1206 4366 Polybius,

157 4367 214 4428 agir,
224 4369 263 4430 qui
274 4369 299 4416 in
309 4371 389 4418 dextro
399 4370 502 4420 boscium
517 4385 588 4420 romu
605 4385 662 4434 pug-
693 4367 712 4416 l.
722 4381 763 4417 xr.
779 4370 858 4416 decem
870 4367 1029 4418 tautummodo
1052 4367 1205 4424 liosriuramll-

156 4434 248 4482 osbrat.
282 4433 341 4483 J:c.
352 4433 523 4484 Perizonius.
693 4432 734 4491 lis,
749 4433 796 4481 duo
813 4431 968 4482 Romanorum
985 4433 1010 4483 ia
1025 4434 1068 4484 hac
1083 4447 1156 4499 pugn:
1167 4431 1203 4480 iu·

189 4497 212 4533 ⁴⁵
228 4496 265 4546 Ns
283 4506 396 4560 summm
412 4507 472 4550 mato
484 4500 589 4551 andini
598 4514 664 4549 murs
694 4499 792 4550 umecta
802 4501 850 4548 c'sss
861 4511 980 4550 memorat.
