3092 5200
394 891 659 974 ΕΡΙΤΟΜΕ
688 891 855 974 LIBRI
873 891 955 973 XI.

145 1177 160 1236 s
192 1172 259 1244 QU
262 1173 334 1236 Um
339 1174 459 1239 Folius
470 1175 593 1260 Gurges
602 1177 709 1240 consnl
715 1177 796 1240 male
806 1173 1198 1258 advammSamnitesprtg·

160 1268 274 1336 nasset,
288 1271 319 1322 et
332 1270 459 1324 soratns
469 1263 506 1324 de
514 1263 694 1324 resumendo
705 1283 739 1324 eo
750 1263 792 1324 alr
803 1263 939 1324 exercitu
949 1269 1068 1346 ageret,
1081 1261 1199 1322 Fabius

145 1371 148 1376 ·
162 1341 426 1428 Monimaspoter,
437 1347 613 1428 deprecatus
629 1353 637 1387 ¹
650 1348 728 1410 lianc
732 1349 798 1427 filii
806 1347 1013 1429 ignominiam,
1023 1347 1200 1407 eonuosime

161 1437 299 1493 senatum
312 1434 417 1510 mouit,
438 1434 520 1517 qztod
539 1435 657 1496 ituram
676 1454 709 1496 se
720 1435 795 1512 filio
818 1435 956 1517 legatum
976 1431 1128 1512 pollicitus
1143 1440 1198 1509 est,

161 1514 251 1597 idque
271 1520 423 1596 prestitit.
445 1515 510 1601 ejus
527 1518 657 1582 consiliis
678 1529 708 1582 et
729 1539 822 1600 opera
837 1519 929 1597 filius
944 1517 1047 1581 consul
1061 1514 1198 1598 adjutis,

163 1601 247 1663 casis
272 1602 467 1682 Samnitibus,
501 1605 706 1683 triumphauit.
754 1604 788 1667 C.
800 1605 957 1683 Pontium,
988 1605 1199 1679 imperatorem

166 1684 358 1765 Samnitium,
373 1690 501 1752 ductam
514 1691 547 1750 in
561 1691 709 1770 triumpho
720 1693 817 1752 securi
825 1691 982 1771 percussit.
1017 1688 1198 1759 anmcivi-

165 1777 218 1831 tos
238 1773 411 1850 pestilentia
435 1773 596 1850 laboraret,
618 1775 700 1836 missi
722 1776 828 1858 legati,
846 1785 880 1837 ot
895 1775 1063 1854 AEscnlupii
1075 1775 1201 1854 signam

165 1853 301 1917 Romam
316 1857 356 1918 ab
371 1858 537 1938 Epidauro
555 1859 764 1940 transferrent,
780 1880 922 1942 anguem,
937 1860 988 1941 qni
1001 1879 1034 1920 se
1046 1859 1079 1919 in
1092 1877 1201 1919 elavem

165 1959 268 2001 eornm
283 1943 465 2018 contulerat,
480 1943 512 2004 in
526 1965 584 2025 qno
598 1945 700 2024 ipsum
710 1965 821 2006 numen
837 1964 900 2006 esse
910 1943 1082 2019 constabat,
1093 1943 1200 2022 depor-

165 2031 290 2086 taoere:
315 2047 406 2109 eoque
416 2028 449 2089 in
462 2028 595 2089 insulam
612 2029 727 2090 Tiberis
749 2050 879 2113 egresso,
894 2030 998 2090 eodem
1014 2028 1078 2090 loco
1100 2028 1203 2090 'cedes

165 2109 344 2192 AEscnlapio
359 2122 533 2176 consecrato
542 2121 598 2176 est.
621 2112 661 2176 L.
673 2113 849 2178 Postumius
860 2113 1037 2190 consularis,
1046 2113 1203 2195 qrroniom,

165 2215 255 2278 quum
267 2197 410 2260 exercitui
423 2207 574 2278 praesset,
588 2220 680 2280 opera
694 2199 825 2263 militam
839 2201 872 2262 in
886 2220 963 2283 agro
976 2219 1029 2260 sno
1042 2218 1113 2259 usus
1122 2206 1208 2275 eros,

165 2281 330 2344 damnatus
340 2291 395 2345 est.
420 2284 495 2347 (lem
507 2283 695 2348 Samnitibus
702 2306 811 2366 pacem
818 2285 988 2367 petentilms
988 2279 1096 2362 fadus
1106 2304 1201 2367 quar-

167 2374 199 2428 io
213 2377 388 2430 renovatam
401 2378 457 2431 est.
484 2370 595 2432 Carins
603 2368 762 2434 Dentatus
775 2371 890 2448 consul,
907 2369 1094 2433 Samnitibus
1105 2371 1202 2449 casis,

167 2461 198 2513 et
214 2450 346 2533 Sabinis,
361 2455 411 2538 qni
421 2455 654 2536 rebellauerant,
668 2458 766 2535 vietis,
781 2471 810 2518 ct
823 2458 857 2518 in
871 2457 1054 2519 deditionem
1060 2456 1203 2535 acceptis,

166 2537 213 2601 ln‘s
227 2539 260 2601 in
272 2541 376 2603 eodem
390 2541 574 2625 magistratu
590 2543 794 2625 triumphauit.
831 2543 963 2606 Colonia
977 2541 1116 2605 dednda
1122 2550 1204 2620 nna,

170 2622 319 2705 Castrmm,
343 2625 434 2703 Serto,
449 2626 587 2690 Hadria.
637 2628 799 2691 Triumviri
813 2628 960 2709 capitales
982 2637 1056 2689 tnnc
1069 2628 1205 2707 primam

168 2713 264 2773 creati
276 2722 357 2775 sunt.
401 2711 503 2775 Cerssn
521 2722 603 2792 acto,
623 2713 748 2777 lustrum
768 2716 922 2777 meditem
943 2723 997 2776 est.
1022 2732 1111 2775 censa
1135 2722 1206 2775 sunt

151 2797 277 2863 -eiainm
293 2800 395 2879 cupita
410 2800 542 2861 ducenta
550 2802 750 2885 septuaginta
761 2802 822 2863 duo
835 2800 942 2862 millia.
977 2798 1073 2861 Plels
1082 2806 1206 2878 prepter

150 2892 153 2899 '
169 2900 212 2943 aes
226 2883 368 2962 aliermm,
382 2893 451 2964 post
462 2905 576 2966 graves
587 2894 617 2947 et
632 2884 741 2971 longas
756 2887 930 2963 seditiones,
946 2885 987 2946 ad
1000 2884 1144 2945 ultimum
1156 2902 1205 2945 se·

168 2968 257 3031 cessit
270 2969 303 3031 in
318 2968 513 3033 Jonicnlam:
528 2972 607 3033 unde
621 2990 641 3032 a
659 2972 698 3043 Q.
712 2972 877 3034 Hortensio
888 2972 1036 3033 dictatore
1050 2973 1063 3008 ³
1076 2968 1206 3030 deducto

169 3062 225 3129 est,
243 3054 326 3136 isque
339 3056 370 3115 in
385 3056 449 3135 ipso
470 3056 656 3137 magistratu
671 3059 808 3120 decessit.
852 3055 916 3117 Res
934 3063 1086 3135 preterea·
1099 3063 1207 3115 contro

175 3136 373 3199 Volsinienses
384 3147 492 3220 gestas
506 3140 657 3200 continet:
682 3142 755 3201 item
775 3142 919 3202 aduersus
935 3140 1086 3218 Mamaos,
1102 3148 1207 3200 emrtra

169 3240 245 3305 orsos
260 3222 413 3283 auxilinm
426 3221 596 3282 ‘Thurinis
602 3218 689 3299 serre
700 3223 874 3303 placuerat.

206 3406 215 3439 ¹
233 3403 300 3451 Hunc
308 3402 349 3450 sili
356 3401 507 3465 ignmtirn'enj
517 3402 675 3450 Duollesrnii
706 3404 771 3453 Max.
784 3405 801 3451 l.
811 3417 831 3451 ι.
842 3404 893 3451 mil.
903 3402 927 3449 in
935 3401 1007 3449 insule
1017 3401 1125 3450 Tiberim
1135 3404 1209 3452 aedrtn

169 3470 237 3519 codd.
264 3468 368 3515 Andreas
390 3478 414 3513 et
432 3468 563 3529 Campanus
587 3466 674 3514 habeat
705 3466 834 3531 AEsculspio
843 3478 995 3515 constructam
1005 3467 1084 3514 sauss.

170 3535 228 3581 lune
229 3530 280 3591 filii
290 3532 444 3595 ignonimiam:
462 3532 521 3591 quod
532 3542 673 3595 antepones·
735 3532 867 3581 ’Μυσία
891 3530 934 3595 est]
960 3531 1028 3579 Forte
1052 3531 1144 3578 reducta
1169 3541 1208 3581 est.

171 3596 334 3645 dumrieterur.
705 3594 870 3644 Gaonorrus.

204 3658 421 3721 smeroAEoeutapit
436 3660 552 3707 mnnitntn
567 3659 608 3721 est]
628 3660 672 3707 Ju-
735 3658 880 3721 trierim]
906 3660 983 3721 Vulgo
1001 3658 1130 3721 Tyrrlnnis.
1160 3657 1208 3706 Sed

170 3728 211 3775 bet
223 3726 328 3787 Sigonius
343 3724 458 3772 emendari
473 3740 501 3771 ex
518 3722 618 3772 fideret.
633 3725 672 3773 lib.
704 3723 796 3785 Pighius
805 3724 899 3773 exeun.
909 3724 1024 3771 lxxxm'.
1033 3740 1053 3770 c.
1063 3723 1086 3771 a.
1094 3734 1120 3770 en
1132 3722 1209 3771 Henr.

172 3791 239 3839 AEdes
254 3788 378 3849 AEeutapta
396 3796 516 3836 omiaerotu
533 3796 572 3837 est.
606 3789 673 3837 Unus
703 3787 809 3837 Valesius
827 3806 856 3837 ex
874 3788 927 3836 vat.
938 3788 1002 3835 Max.
1020 3786 1063 3835 l.r.
1081 3790 1135 3837 ni.
1154 3802 1208 3850 pro-

171 3853 365 3912 Hesmiieodes,
384 3862 410 3900 ut
426 3852 598 3915 efflampsaus,
613 3868 672 3916 prse-
704 3852 758 3900 bant
784 3854 906 3913 legendum
936 3868 988 3901 esse
1016 3850 1128 3899 timim.
1176 3852 1208 3899 Bt

90 3922 94 3931 “
172 3920 218 3967 fert
235 3933 325 3981 quoque
344 3919 405 3966 edes.
436 3918 461 3964 Si
482 3917 540 3963 nihil
561 3928 673 3979 munstur,
704 3932 759 3965 vero
784 3917 873 3978 longius
900 3918 973 3965 dissiti
1001 3926 1054 3963 sum
1080 3916 1166 3962 Lucani
1194 3932 1208 3961 ι

173 3997 236 4032 cene
256 3984 313 4030 sedes
330 3981 424 4041 intelligi
448 3981 539 4029 debebit
561 3996 602 4046 pro
620 3984 672 4031 ede.
703 3981 841 4046 Tyrrhenis,
867 3999 934 4048 quum
958 3992 985 4032 ut
1007 3980 1040 4029 eis
1059 3994 1138 4041 grues
1159 3995 1209 4029 esse

174 4047 346 4097 commemini
357 4061 386 4096 ex
402 4046 478 4102 Festo,
490 4046 551 4095 Lux.
562 4059 586 4096 et
597 4045 674 4096 vater.
704 4045 831 4111 potuerint.
