3092 5200
500 341 877 422 fflmmm
1149 365 1189 422 n

152 515 165 552 ‘
179 533 238 598 pus
251 511 321 580 est*
360 511 408 580 lta
421 515 624 599 ⁴⁷preturium
633 515 769 580 missurn.
785 509 943 577 mox-cum
958 511 1084 577 delectis
1095 511 1194 600 Mago
1205 531 1239 588 u.
1250 531 1280 586 c.
1290 528 1348 591 5342

153 603 268 666 aderat.
291 603 435 668 ‘Robora
448 605 578 667 virorum
592 601 706 682 cerno,'
717 603 818 685 inquit
831 599 997 664 Hannibal.
1013 602 1099 681 ‘aed,
1110 615 1147 666 ιιι
1159 615 1193 667 et
1205 605 1237 655 A.
1247 601 1276 655 0·
1287 606 1345 656 ²¹0·

152 690 304 753 ‘numero
318 691 422 768 etiam,
437 711 500 754 non
514 691 622 752 animis
637 691 740 769 modo,
751 689 889 767 valeatis,
900 688 1027 771 singulis
1037 689 1123 750 vobis
1134 709 1192 752 no-

148 774 266 838 ‘venos
280 799 319 840 ex
332 777 439 840 turmis
463 777 685 860 manipulisque
703 777 795 841 vestri
812 775 925 838 similes
945 773 1065 857 eligite:
1093 773 1192 859 Mago

151 862 277 925 ‘locum
298 865 491 942 monstrabit,
510 885 601 946 quem
622 863 790 926 insidentis.
832 865 860 902 ⁴⁸
866 860 996 925 Hostem
1014 881 1128 926 cecum
1151 863 1192 924 ad

151 949 162 980 ‘
177 949 231 1011 lras
248 950 318 1012 belli
334 961 413 1013 artes
428 949 599 1014 habebitis!
631 949 680 1013 lta
693 950 777 1012 mille
787 949 939 1031 equitibus
950 947 1090 1031 Magoni,
1107 949 1190 1012 mille
1203 948 1313 1032 Numida

150 1035 302 1117 peditibus
328 1037 469 1117 dimissis,
493 1036 648 1100 Hannibal
675 1038 773 1119 prima
796 1036 864 1099 luce
890 1032 1040 1097 Numidas
1061 1017 1337 1132 equites,'‘'''“¹¹.²¹‘,¹,nt

149 1132 354 1206 transgressos
364 1123 508 1187 Trebiam
520 1124 641 1202 flumen,
651 1125 829 1205 obequitare
838 1121 929 1204 jubet
940 1123 1073 1185 bostium
1082 1125 1190 1206 portis,
1202 1095 1285 1201 m
1312 1102 1339 1134 θ’

144 1205 369 1294 jacularrdoqoe
383 1213 414 1274 in
430 1211 575 1274 stationes
590 1211 699 1272 elicere
710 1210 749 1272 ad
763 1228 899 1293 pugnam
914 1210 1055 1272 hostem:
1078 1208 1190 1292 injecto

150 1293 260 1358 deinde
283 1297 459 1376 certamine,
481 1297 619 1360 cedendo
643 1296 755 1358 sensim
777 1297 856 1358 citra
874 1296 985 1359 flumen
1003 1297 1190 1379 pertrahere.

148 1377 222 1444 Haec
237 1385 382 1446 mandata
398 1382 548 1446 Numidis.
569 1383 678 1446 ceteris
699 1383 825 1446 ducibus
839 1383 975 1466 peditum
993 1385 1190 1466 equitumque

147 1480 344 1553 preceptum,
365 1481 401 1533 ut
428 1471 578 1553 prandere
598 1489 704 1532 omnes
724 1468 888 1552 juberent:
911 1481 1046 1533 armatos
1067 1470 1190 1549 deinde,

147 1553 344 1636 instratisque
367 1557 462 1638 equus,
482 1558 602 1638 signum
623 1569 812 1638 exspectare.
855 1553 1061 1639 Sempronius,
1084 1557 1125 1618 ad
1139 1568 1189 1619 tu·
1201 1580 1348 1648 Sempronius

146 1640 278 1702 multum
288 1641 490 1703 Numidarum
499 1641 630 1722 primum
638 1660 760 1704 omnem
770 1641 950 1722 equitatum,
960 1643 1047 1706 ferox
1056 1663 1093 1706 ea
1101 1656 1189 1726 parte
1200 1650 1279 1699 esum
1289 1666 1329 1698 aa

146 1725 268 1804 sirium,
283 1726 394 1788 deinde
416 1747 468 1789 sex
492 1725 589 1788 nrillia
609 1725 758 1807 peditum,
779 1738 936 1808 postremo
953 1746 1058 1792 omnes
1084 1714 1258 1812 copiast*

146 1812 220 1873 ⁴'ad
232 1811 440 1874 destinatum¹¹
451 1811 518 1895 jam
528 1823 600 1874 ante
608 1811 746 1890 consilio,
758 1812 864 1874 avidus
879 1815 1062 1892 certaminis,
1074 1815 1191 1880 eduxit.

145 1893 222 1959 Erat
245 1897 326 1959 forte
350 1899 464 1961 brumae
490 1909 610 1980 tempus
631 1908 664 1959 et
684 1898 792 1960 nivalis
815 1898 881 1960 dics
905 1898 938 1960 in
964 1899 1040 1961 locis
1061 1900 1190 1982 Alpibus

145 1980 368 2065 Apenninoque
386 1983 564 2066 interjectis,
588 1983 817 2066 propinquitate
845 1984 939 2047 etiam
968 1985 1127 2049 fluminum
1153 2005 1191 2050 ac

146 2069 302 2152 paludium
317 2070 497 2153 pragelidis.
513 2070 552 2131 ad
566 2071 626 2132 hoc
640 2069 751 2154 raptim
763 2070 883 2133 eductis
903 2071 1077 2140 bominibus
1097 2085 1190 2155 atquc

147 2155 684 2321 ultt¹¹tt¹ttt⁰lttt
701 2176 760 2306 ⁰35
775 2155 1189 2325 tltrtlt'tt'tdtt:

147 2327 440 2412 adpropinquabant,
463 2329 596 2392 adflabat
616 2330 714 2392 acrior
727 2329 848 2412 frigoris
861 2331 916 2392 via.
960 2328 1008 2392 Ut
1020 2351 1093 2393 vero
1104 2331 1186 2393 relar-

144 2415 264 2494 gientss
285 2413 435 2479 Numidas
453 2417 648 2496 insequentes
670 2435 781 2497 aquam
801 2415 927 2499 ingressi
951 2427 1034 2496 sunt,
1060 2417 1105 2497 (et
1120 2431 1187 2481 erat
1199 2428 1354 2483 cruentatu-

144 2502 318 2582 pectoribus
333 2513 421 2566 tenus
441 2514 531 2566 aucta
546 2513 695 2564 nocturno
719 2501 822 2582 imbri)
846 2515 913 2565 tum
934 2505 1041 2586 utique
1055 2505 1185 2587 egressis
1199 2497 1276 2591 ¹¹¹³*

144 2587 241 2669 rigere
252 2591 392 2653 omnibus
407 2611 545 2675 corpora,
556 2601 592 2651 ut
603 2589 655 2653 vix
666 2610 821 2653 annorum
829 2591 1032 2654 tenendorum
1044 2593 1185 2675 potentia

143 2687 315 2824 {sgnum
326 2678 448 2741 ‘laimul
459 2676 637 2741 lassitudine
647 2678 832 2760 procedente
839 2676 906 2760 jam
921 2678 982 2757 die,
993 2679 1074 2742 lame
1088 2680 1183 2743 etiam

204 2783 282 2827 cere.
1240 2780 1246 2793 ‘

186 2846 251 2913 LV.
273 2850 456 2915 Hannibalis
469 2852 592 2917 interim
606 2852 704 2930 miles,
717 2852 837 2935 ignibus
852 2862 925 2915 aute
939 2853 1073 2916 tentoria
1082 2851 1182 2934 factis,

142 2934 270 3017 oleoque
285 2960 339 3022 per
353 2940 536 3023 manipulos,
550 2949 585 3001 ut
599 2937 755 3002 mollirent
768 2949 862 3017 anus,
877 2939 981 3019 misso,
996 2951 1029 3003 et
1043 2942 1113 3003 cibo
1127 2962 1183 3025 per

142 3022 240 3085 otium
260 3037 363 3107 capto,
385 3028 437 3088 ubi
461 3038 663 3109 transgressos
686 3026 799 3088 llumen
813 3026 917 3088 hostes
932 3028 1108 3090 nunciatum
1123 3042 1182 3108 cst,

141 3106 243 3171 alacer
257 3112 365 3174 animis
381 3112 616 3194 corporibusque
633 3132 718 3173 arnra
731 3112 826 3195 capit,
845 3122 938 3193 atque
951 3114 983 3173 in
999 3115 1095 3175 aciem
1109 3135 1182 3197 pro·

141 3194 235 3256 cedit.
279 3195 414 3260 Baliares
435 3198 517 3259 locat
540 3208 611 3259 ante
635 3198 733 3278 signa,
759 3198 876 3260 levema
901 3208 1096 3278 armaturam,
1111 3211 1182 3262 octo
1194 3216 1312 3266 Hmaibal

139 3279 238 3344 ferme
254 3282 349 3345 millia
364 3285 539 3361 hominum
564 3284 634 3346 dein
648 3284 818 3365 graviorem
833 3284 925 3344 armis
938 3282 1085 3365 peditem,
1100 3287 1183 3366 quod
1193 3283 1265 3362 ²⁰5²?
1276 3284 1312 3332 ἰθ-

138 3365 260 3448 naum,
287 3371 369 3451 quoa
399 3370 515 3432 robora
542 3381 629 3432 erar:
654 3372 685 3431 in
701 3370 842 3432 eominus
861 3369 1056 3432 aasumensi
1074 3358 1270 3436 aeemm‘·

138 3451 237 3514 millia
259 3456 397 3536 equitum
406 3479 417 3535 3
440 3468 473 3518 et
488 3457 526 3517 ab
540 3455 683 3519 cornibus
703 3457 736 3518 in
755 3466 915 3540 utramque
934 3466 1053 3540 partem
1069 3457 1181 3522 divium

171 3630 499 3707 assumemus«.
559 3631 1148 3762 'mxffimumtaujnum

167 3838 191 3876 ⁴⁷
196 3838 337 3889 ⁴Pretorium
353 3836 454 3903 orium]
471 3838 566 3889 Dimissi
581 3853 640 3905 pne-
671 3838 755 3888 nornis
770 3838 832 3889 illam
849 3837 929 3905 adjicit
945 3854 959 3889 a
980 3839 1079 3890 secrrnda
1099 3856 1177 3893 mrsu.

136 3904 196 3974 εἰμί
213 3908 308 3969 ducum,
329 3908 368 3969 qui
389 3906 413 3954 ia
436 3906 576 3970 pretorium,
592 3907 640 3954 siro
670 3904 786 3954 abfuerat
807 3922 897 3970 quoquc
919 3921 933 3953 a
954 3905 1030 3954 Valles
1046 3906 1134 3964 codice,
1151 3918 1179 3954 ut

135 3970 306 4023 namuurum
340 3972 490 4036 imperatoris,
519 3972 640 4021 convente·
671 3986 685 4017 a
727 3979 763 4019 ret
780 3971 878 4034 exejus
896 3982 951 4019 nota
969 3974 1077 4021 adhunc
1094 3970 1180 4020 Ιοιιιιιι.

136 4034 198 4084 baut.
229 4037 283 4087 vu.
299 4036 360 4101 Lipt.
377 4037 395 4086 l.
415 4052 440 4087 v.
455 4038 487 4088 dc
501 4036 555 4087 Mil.
572 4036 640 4085 Rom.
696 4036 962 4084 ccsormenecenaria
978 4047 1022 4086 est.
1054 4034 1094 4083 Sic
1110 4035 1178 4083 abeo-

134 4098 189 4149 dial.
201 4104 225 4151 2.
669 4101 719 4149 lute
735 4101 820 4149 dicitnr
833 4102 863 4147 ad
879 4103 1029 4160 maa,
1043 4102 1074 4148 ad
1090 4102 1177 4149 modic·

166 4162 190 4199 *θ
211 4165 366 4220 Ηιιιιιι...
383 4164 496 4230 lamia]
514 4166 567 4215 Pur.
581 4166 640 4215 lber
670 4177 771 4215 remeet
791 4164 1176 4216 nortmannicarum

136 4228 231 4279 idetis.-
256 4232 317 4295 quod
344 4233 440 4283 ἰοιιιιιο
470 4232 540 4293 magis
564 4232 639 4297 place-
670 4230 883 4292 inrumpentium.

132 4292 177 4342 bit.
276 4300 281 4309 '
704 4295 727 4329 ⁸⁰
743 4294 816 4343 Simul
822 4293 911 4358 jean]
926 4292 972 4343 Pro
986 4290 1024 4341 bis
1040 4294 1117 4358 taipti
1132 4294 1174 4343 br.

166 4357 189 4395 ⁴⁹
209 4361 246 4409 Ad
265 4362 396 4411 Manum
417 4359 499 4423 locum]
524 4360 637 4409 Ultimum
668 4361 725 4409 beot
741 4370 763 4408 et
779 4361 929 4409 ιὶιιὶιὲιιιάὶιιι.
961 4356 1094 4410 Bmendssit
1111 4358 1174 4408 Gro-
