3092 5200
511 271 515 283 '
551 257 923 357 manvtssoaavt
1133 337 1138 347 .
1205 300 1265 357 sn

222 471 281 533 que
305 463 369 517 mut
398 451 509 514 armati
531 451 773 533 inrumpentibus
794 449 942 512 Romania
967 451 1157 529 resistebant,
1176 471 1266 532 quam
1278 419 1415 521 mein.

223 539 306 619 quod
327 550 426 621 porta,
449 536 903 618 bannusascorpionihuaque
924 536 1083 614 instructa,
1104 535 1417 600 similimum-²¹¹·

220 624 326 706 procul
358 625 461 686 hostes
489 623 624 686 arcebat.
647 635 680 684 et
701 623 868 704 subpressit
893 622 1031 704 inpetum
1057 619 1266 686 Romanorum

220 709 327 770 vrdnus
342 709 532 791 imperatoria
547 707 607 791 Ap.
630 706 749 769 Claudii
764 730 779 768 ε,
796 708 856 785 cui,
882 729 952 770 suos
973 717 1044 768 ante
1067 707 1267 790 primasigna

222 795 408 873 adhortanti,
431 796 486 856 sub
502 795 575 856 laevo
597 795 895 856 humero'summum
911 807 1017 876 pectus
1040 797 1157 874 l“gaeso
1172 794 1266 856 ictum

221 893 279 944 est.
317 879 552 963 Magna'tamen
566 880 610 942 vis
620 881 767 942 'hostium
776 892 848 942 aute
861 891 983 962 portam
994 890 1041 940 est
1054 901 1150 941 casa:
1174 881 1264 942 ceteri

220 967 331 1049 trepidi
346 966 498 1028 inurb'em
522 966 681 1049 compulsi.
712 965 768 1028 ¹Et
782 964 948 1043 Hannibal,
972 978 1135 1048 postquam
1155 966 1264 1027 cohor·
1277 965 1393 1045 Happbql

143 1063 153 1070 '
219 1053 259 1116 tis
274 1051 481 1135 Hispanorum
501 1064 635 1135 stragem
654 1051 742 1134 vidit,
762 1072 940 1131 summaque
962 1053 991 1112 vi
1014 1063 1116 1113 castra
1132 1051 1264 1114 hostium
1276 1045 1409 1145 ζῗμωῑ·

219 1138 355 1216 defendi,
376 1139 490 1201 omissa
503 1139 743 1221 obpugnatione,
766 1139 898 1220 recipcre
922 1136 1019 1219 signa,
1045 1149 1077 1199 et
1090 1141 1264 1200 convertere
1307 1130 1315 1145 ’

218 1243 327 1305 agmen
349 1225 498 1308 pediturn,
520 1223 643 1306 objecto
666 1245 686 1286 a
712 1237 801 1306 tergo
826 1225 973 1305 equitatu,
996 1245 1034 1284 ne
1057 1225 1153 1286 hostis
1168 1227 1263 1287 insta-

216 1321 274 1388 ret,
290 1312 393 1392 coepit.
437 1309 606 1392 Legionum
621 1311 711 1372 ardor
732 1312 839 1391 ingens
859 1311 900 1371 ad
914 1311 1034 1372 hostem
1046 1311 1264 1391 insequendum

217 1395 295 1458 fuit:
317 1397 373 1460 scd
399 1395 525 1460 Flaccus
551 1398 684 1478 receptui
708 1397 777 1457 caui
797 1395 889 1476 jussit
900 1420 911 1472 3
931 1396 1012 1458 ‘satis
1038 1397 1079 1457 ad
1102 1407 1263 1478 utrumque

218 1482 390 1564 profectum
417 1493 510 1560 ratiis,
540 1494 575 1544 ut
597 1494 629 1544 et
658 1480 819 1564 Campani,
845 1502 936 1563 quam
966 1482 1049 1544 haud
1073 1483 1202 1546 multum
1231 1483 1263 1545 in

154 1635 156 1642 ¹
218 1565 394 1646 Hannibale
408 1568 537 1650 presidii
560 1580 649 1646 esset,
673 1580 705 1630 et
729 1569 794 1650 ipse
817 1566 973 1629 Hannibal
998 1569 1134 1631 sentiret.
1178 1569 1265 1630 Caesa

217 1647 257 1715 eo
282 1655 342 1731 die,
365 1656 418 1734 qui
437 1653 526 1735 hujus
545 1675 654 1736 pugna
680 1667 819 1718 auctores
841 1666 921 1730 sunt,
948 1665 1021 1715 octo
1041 1655 1138 1716 millia
1163 1655 1263 1717 homi·

218 1740 356 1808 numde
386 1738 569 1802 Hannibalis
598 1741 742 1818 exercitu,
773 1741 834 1802 tria
861 1761 901 1800 ex
923 1738 1088 1821 Campanis
1113 1740 1260 1802 tradunt:

217 1823 363 1908 signoque
388 1823 693 1906 Karthaginiensibus
713 1826 887 1907 quindecim
907 1825 1040 1902 ademta,
1055 1825 1262 1906 duodeviginti

218 1908 393 1994 Campanis.
448 1912 541 1993 Apud
570 1911 647 1973 alios
675 1932 865 1994 nequaquam
895 1923 1016 1974 mutam
1043 1911 1156 1972 molem
1185 1931 1263 1992 pug-

216 2017 264 2058 nae
278 1997 378 2058 inveni
388 2007 415 2074 ¹¹,
429 1998 556 2079 plusque
578 1999 708 2080 pavoris,
730 2019 822 2078 quam
837 1997 1021 2073 certaminis,
1036 1994 1146 2058 fuisse:
1170 2017 1263 2078 quum

217 2081 377 2164 inopinato
400 2083 432 2144 in
459 2095 559 2144 castra
583 2081 724 2150 Romana
747 2082 887 2145 Numidae
909 2081 1100 2165 Hispanique
1114 2103 1184 2142 cum
1200 2083 1262 2145 ele·

216 2168 341 2250 phantis
362 2169 564 2250 inmpissc'nt3
596 2169 761 2250 elephanti,
786 2190 841 2251 per
862 2170 966 2230 media
985 2180 1087 2231 castra
1107 2167 1263 2246 vadentes,

216 2265 349 2334 stragem
374 2255 638 2316 tabernaculorum
664 2253 782 2335 ingenti
807 2255 911 2316 sonitu
943 2274 979 2314 ac
1007 2254 1111 2335 lugam
1141 2253 1262 2316 abrum-

216 2339 354 2422 pentium
375 2339 495 2402 vincula
514 2339 723 2420 jumentorum
739 2340 895 2417 facerent3
918 2339 1054 2401 fraudem
1076 2359 1196 2421 quoque
1211 2359 1263 2400 su·

216 2443 271 2506 per
298 2426 461 2488 tunmltum
491 2425 654 2508 adjectam,
679 2426 812 2488 inmissis
838 2427 879 2486 ab
906 2423 1090 2502 Hannibale,
1115 2425 1167 2506 qui
1193 2424 1262 2503 (ha-

214 2511 283 2575 buit
297 2511 426 2592 aliquot)
443 2513 530 2592 gnari
553 2510 670 2574 Latinae
689 2512 799 2593 liuguae
817 2510 959 2594 juberent
977 2511 1134 2572 consulum
1154 2512 1263 2589 verbis,

217 2600 360 2679 quoniam
390 2600 502 2661 amissa
531 2611 631 2661 castra
660 2612 772 2676 maent,
804 2620 860 2681 pro
889 2620 922 2661 se
951 2618 1102 2680 quemque
1131 2598 1262 2659 militum

215 2683 248 2745 in
270 2685 425 2767 proximos
451 2694 569 2747 montes
599 2685 721 2765 lugere:
757 2686 815 2746 scd
843 2706 912 2747 earn
941 2686 1078 2746 celeriter
1107 2684 1263 2763 cognitam

216 2770 365 2847 neodem,
394 2771 628 2852 obpressamque
658 2791 771 2851 magna
796 2771 877 2832 cade
904 2771 1058 2845 hostium3
1081 2770 1262 2852 elephantos

216 2855 280 2935 igni
303 2876 320 2916 e
346 2856 451 2917 castris
466 2918 468 2925 ,
481 2858 616 2917 exactos.
675 2855 744 2917 Hoc
774 2856 914 2921 ultimum
946 2855 1122 2937 (utcumque
1152 2857 1263 2917 initum

215 2940 395 3021 finitumque
412 2942 471 3021 est)
494 2953 565 3003 ante
586 2941 775 3003 deditionem
795 2940 908 3023 Capuae
922 2942 1063 3023 proelium
1078 2940 1146 3003 fuit.
1190 2940 1262 3002 Me-
1274 2938 1370 3017 ³5?va
1382 2940 1428 3019 lf·

217 3026 394 3103 dixtuticus,
412 3027 463 3107 qui
485 3048 620 3087 summus
634 3028 831 3107 magistratus
856 3028 939 3108 apud
955 3026 1131 3109 Campanos
1151 3037 1208 3103 est,
1224 3048 1261 3090 eo
1273 3019 1321 3117 :3⁸
1333 3004 1427 3117 “2⁸¹¹

216 3132 298 3174 anno
325 3110 455 3259 Seppius
482 3110 587 3173 lesius
614 3124 689 3189 erat,
715 3112 785 3173 loco
808 3112 938 3174 obscuro
967 3112 1111 3193 tenuique
1140 3084 1359 3199 brunsw?
1386 3085 1399 3117 ³

215 3211 314 3261 ortus.
396 3208 493 3261 auem
503 3196 567 3279 ejus
578 3198 744 3279 quondam,
758 3220 815 3281 pro
830 3198 945 3280 pupillo
958 3220 995 3259 eo
1009 3202 1036 3238 ³⁵
1048 3211 1262 3280 procurantem

215 3284 364 3346 familiare
390 3295 556 3361 ostentum,
587 3305 679 3365 quum
712 3285 917 3365 respondisset
946 3305 1087 3367 aruspex,
1110 3304 1262 3346 summum

216 3369 298 3451 quod
314 3380 395 3433 esset
415 3370 575 3451 imperium
598 3369 719 3453 Capua,
742 3380 951 3453 perventurum
972 3371 1102 3432 adeum
1123 3391 1262 3453 puerum,

214 3458 241 3496 ⁸⁸
252 3456 328 3517 nihil
340 3456 380 3517 ad
391 3476 459 3517 cam
471 3476 556 3537 spem
568 3467 796 3538 agnoscentem,
810 3456 922 3519 dixisse
937 3457 1050 3534 lerunt,
1065 3454 1140 3519 ‘Nae
1149 3468 1180 3519 tu
1193 3478 1261 3539 per-

213 3542 319 3605 ‘ditas
341 3563 389 3603 res
409 3541 634 3625 Campanorum
655 3564 770 3622 narras,
790 3544 843 3605 ubi
857 3543 1100 3622 summitshonos
1116 3542 1261 3605 adfilium

215 3629 224 3661 ‘
240 3647 342 3692 mcum
354 3628 510 3711 perveniet
521 3627 545 3690 l'
568 3632 594 3677 ³7
604 3628 651 3690 Ha
661 3630 829 3692 ludificatio
838 3630 912 3708 veri,
921 3642 954 3693 et
965 3630 1032 3713 ipsa
1042 3630 1261 3692 inverumuer-

453 3770 471 3794 ·
483 3761 566 3810 ballistis
578 3760 652 3810 Grou.
750 3763 859 3811 'moenio
869 3760 944 3810 Grou.
955 3761 1026 3812 cm.
1099 3762 1102 3767 ’

215 3864 221 3872 '
245 3875 269 3911 ³*
284 3872 355 3939 Geso]
373 3874 472 3925 Dchoc
488 3875 536 3925 telo
553 3876 664 3926 viduor.
680 3877 721 3927 38.
786 3877 810 3913 ³⁷
826 3875 862 3923 Fa
876 3874 997 3939 lud'diastiu
1013 3878 1060 3923 aeri
1078 3884 1100 3923 et
1119 3877 1166 3935 ipen
1182 3876 1208 3922 in
1226 3890 1263 3922 se-

212 3938 268 3991 aut
281 3942 406 3989 virne&
753 3957 806 3988 run
834 3938 909 4001 verrit]
945 3939 1067 3989 tossen
1099 3939 1177 3987 faras
1203 3938 1264 3988 besil

242 4004 266 4040 ³⁵
292 4002 308 4032 ⁴
330 4002 488 4055 Procuruntem
504 4004 625 4069 familiare
651 4014 721 4054 ouan-
754 4017 829 4055 mater
849 4020 982 4071 responsum
1004 4003 1119 4067 aruspicis,
1146 4005 1206 4066 quod
1227 4014 1263 4051 ta·

211 4068 270 4133 tun]
288 4067 353 4119 Durn
374 4084 462 4118 naum
483 4070 537 4119 lacit
558 4071 661 4133 expiandi
680 4069 721 4117 ali·
755 4087 807 4121 men
825 4086 906 4119 rerum
923 4081 1007 4118 eveum
1024 4069 1195 4133 comprobatum
1212 4082 1263 4117 est:

211 4136 279 4249 (effi.
295 4136 476 4247 mimium,
493 4136 553 4200 quod
570 4152 643 4201 puero
660 4136 731 4193 dont,
753 4152 776 4249 p*
794 4137 886 4199 quidem
908 4135 1124 4247 bpaimsequmqnpm
1143 4135 1263 4247 {palpamur

274 4215 313 4249 um
334 4216 386 4247 uera
863 4213 947 4249 umor.
1043 4215 1056 4247 c
1082 4216 1089 4246 ι
1244 4214 1264 4246 r·

244 4258 267 4297 Ν
284 4263 299 4292 ⁸
316 4261 381 4314 Nltll
396 4266 426 4311 ud
440 4262 719 4329 comtpemagnotceultm]
753 4217 893 4316 Εειιῖἰῃοὲκῐί
912 4264 1013 4314 vaticinii
1030 4264 1055 4311 iu
1075 4214 1155 4312 rerum
1173 4278 1264 4327 quoque

211 4325 282 4377 Nihil
295 4330 544 4387 marcescentium·
558 4343 583 4377 ct
597 4320 636 4379 ilii
650 4342 722 4391 sorte,
753 4332 832 4382 vertit.
873 4330 936 4380 Tum
963 4330 1026 4380 caim
1052 4328 1131 4378 Laius
1151 4330 1263 4378 adsum·

211 4391 286 4459 quola
295 4390 326 4443 sli
337 4402 452 4461 tantaque
462 4396 511 4461 spei
518 4396 672 4463 responderet.
