3092 5200
464 377 541 440 Llll.
562 376 681 438 xxtx.
701 377 886 440 chnxxt.
1136 385 1194 444 521

147 531 211 600 ‘ut
225 554 294 598 eum
312 533 351 597 de
371 531 529 618 provincia
548 531 696 594 decedere
711 531 865 614 juberent.
886 530 920 595 si
931 531 966 597 P.
976 531 1081 619 Scipio
1090 532 1157 618 jnrn
1167 537 1199 598 in
1217 539 1358 594 the-³⁴8-

148 623 161 658 ‘
175 621 313 686 Africam
323 619 502 704 trajecisset,
513 618 626 681 tribuni
635 618 733 701 plebis
741 635 834 702 atque
843 620 937 682 aedilis
948 642 1018 684 cum
1028 624 1145 684 duobus
1155 624 1197 686 le·
1217 609 1250 659 Α
1261 607 1292 660 ⁰·
1302 609 1359 661 ²⁰⁴·

148 710 161 744 ‘
175 709 266 792 getis,
276 729 353 792 quos
362 707 495 770 maxime
505 715 613 788 pretor
622 703 749 768 idoneos
760 706 1117 785 censuisset‚inAfricsm
1126 731 1199 792 pro·

136 796 162 830 ·‘
176 795 399 860 ficlscerenturr
417 792 530 857 tribuni
549 803 641 874 atque
658 791 765 871 edilis,
784 794 837 875 qui
853 794 1033 858 reducerent
1043 795 1115 858 inde
1130 794 1200 858 Sci·

150 883 163 916 ‘
179 884 323 967 pionem:
348 881 452 963 legati,
467 879 518 962 qui
534 879 680 942 exercitui
694 892 867 962 preessent,
888 879 987 943 donec
998 902 1092 944 novus
1103 883 1200 968 impe·

150 965 712 1034 ‘ratorndeumexercitumvenisset.
734 963 790 1028 Sin
799 966 1037 1052 M.Pomponius
1048 981 1081 1031 et
1092 969 1201 1032 decern

149 1055 163 1090 ‘
178 1057 274 1139 legati
288 1054 517 1137 comperissent,
531 1072 631 1134 neque
641 1051 739 1135 jussu,
751 1074 850 1136 neque
862 1054 1019 1118 voluntate
1036 1051 1068 1117 P.
1079 1053 1201 1139 Scipio·

152 1143 164 1176 ‘
179 1145 226 1206 nis
237 1164 275 1205 ee
286 1141 367 1204 seem
378 1160 455 1219 esse,
466 1151 500 1202 ut
510 1139 550 1200 sd
560 1140 727 1202 exercitum
739 1137 845 1223 Scipio
855 1154 1004 1220 maneret,
1018 1143 1201 1224 bellumque,

151 1229 213 1292 ‘ut
226 1227 444 1312 proposuisset,
462 1223 600 1308 gereret!
637 1224 707 1288 Hoc
731 1225 816 1290 fecto
834 1229 1108 1308 senatusconsulto,
1130 1251 1201 1292 eum
1220 1258 1354 1322 mih,

153 1317 283 1380 tribunis
295 1315 393 1398 plebis
406 1325 508 1376 actum
520 1323 578 1390 est,
594 1315 619 1352 ¹¹
628 1323 664 1375 ut
675 1326 889 1396 compararent
900 1315 981 1378 inter
994 1337 1038 1394 se,
1054 1329 1107 1379 sut
1119 1329 1202 1380 sorte
1218 1341 1269 1374 σοι
1279 1325 1333 1374 mit·

152 1401 303 1486 legerent,
318 1401 370 1482 qui
386 1399 448 1462 duo
463 1420 533 1462 cum
549 1409 676 1482 pretore
696 1421 733 1462 sc
749 1401 857 1482 legatis
871 1402 962 1464 irent.
1007 1406 1030 1442 ¹¹
1041 1401 1090 1464 Ad
1106 1403 1202 1466 colle·
1219 1401 1310 1442 lm·

151 1491 239 1572 glum
259 1487 439 1573 pontificum
454 1487 584 1550 relatum
599 1487 637 1548 de
652 1487 823 1570 expiandis,
840 1509 906 1570 quae
921 1486 1027 1552 Locris
1042 1490 1074 1550 in
1087 1491 1203 1574 templo

153 1575 341 1658 Proserpinre
355 1585 451 1651 tecta,
462 1573 586 1651 violate,
597 1573 736 1655 elataque
751 1573 823 1636 inde
837 1588 948 1638 essent.
969 1575 1096 1638 Tribuni
1106 1577 1204 1660 plebis

154 1683 227 1726 curu
242 1673 372 1745 praetore
387 1671 420 1722 et
432 1660 538 1724 decem
554 1660 662 1742 legetis
674 1659 803 1744 profecti
819 1660 866 1724 M.
877 1660 1023 1725 Claudius
1037 1661 1205 1726 Marcellus

156 1761 189 1812 et
202 1746 249 1811 M.
261 1746 384 1810 Cincius
395 1747 585 1810 Alimentus:
603 1747 639 1808 iis
654 1747 749 1810 sedilis
764 1748 862 1831 plebis
877 1749 977 1825 datus,
993 1769 1095 1831 quem,
1109 1750 1135 1812 si
1150 1762 1206 1813 out

157 1838 189 1898 in
212 1831 318 1896 Sicilia
339 1835 460 1918 praetori
488 1833 573 1896 dicto
597 1833 724 1896 audiens
745 1855 809 1898 uon
831 1847 911 1898 esset
931 1833 1048 1919 Scipio,
1074 1848 1128 1899 sut
1137 1835 1205 1917 jum

157 1923 190 1986 in
205 1921 342 1984 Africum
362 1919 543 2002 trajecisset,
570 1921 751 2003 ¹¹prendere
765 1922 879 1985 tribuni
898 1920 1054 2004 juberent,
1080 1943 1117 1984 ac
1135 1921 1205 2003 jure

155 2009 359 2072 sacrosancte
379 2007 539 2090 potestatis
563 2007 751 2070 reducerent.
796 2006 881 2071 Prius
900 2007 1013 2072 Locros
1032 2009 1087 2088 ire,
1113 2030 1205 2092 quam

157 2093 347 2172 Messanam,
362 2094 522 2157 consilium
537 2106 615 2158 erut.
1073 2107 1077 2114 “

138 2176 140 2180 ’
201 2179 290 2244 ΧΧΙ.
313 2179 458 2243 Ceterum
474 2181 587 2263 duplex
602 2180 684 2243 sema
703 2193 760 2260 est,
784 2182 867 2265 quod
892 2182 933 2244 ad
955 2181 1135 2245 Pleminium
1151 2183 1207 2244 sd·

158 2269 248 2332 tinet.
270 2268 333 2346 ulii,
349 2267 473 2347 auditis,
496 2287 563 2350 quse
577 2266 682 2330 Romae
697 2281 768 2331 ueta
782 2279 892 2349 essent,
914 2270 947 2330 in
968 2269 1108 2331 exsilium
1123 2266 1208 2332 Nea·

160 2355 258 2439 polim
280 2365 403 2416 euntem
425 2355 503 2417 forte
519 2354 550 2415 in
565 2353 605 2424 Q.
616 2351 789 2433 Metellum,
811 2377 906 2418 unum
925 2377 965 2418 ex
988 2356 1107 2438 legatis,
1131 2356 1209 2418 inci·

162 2442 254 2520 disse,
280 2453 312 2504 et
326 2441 365 2502 ab
380 2461 417 2504 eo
432 2439 586 2524 Rhegium
601 2441 630 2503 vi
650 2453 818 2504 retractum
833 2442 977 2509 tradunt:
1000 2442 1063 2521 alh',
1087 2443 1126 2505 sb
1141 2443 1210 2525 ipso

161 2525 308 2613 Scipione
332 2528 467 2611 legatum
494 2547 564 2590 cum
591 2528 717 2611 triginta
743 2528 939 2592 nobilissimis
968 2529 1104 2611 equitum
1134 2530 1239 2591 mis-‘

161 2637 240 2701 sum,
254 2617 306 2700 qui
321 2615 360 2686 Q.
375 2613 555 2679 Pleminium
571 2616 602 2677 in
618 2626 752 2695 catenas,
767 2628 884 2679 etcum
900 2638 937 2680 eo
951 2617 1111 2680 seditionis
1125 2617 1203 2702 prin·
1222 2634 1350 2686 meminus

159 2704 257 2787 cipes,
272 2700 470 2785 conjicerent.
514 2701 540 2765 li
567 2722 684 2782 omnes,
705 2724 759 2765 seu
783 2716 857 2767 ante
883 2701 1046 2787 Scipionis,
1071 2724 1126 2766 seu
1144 2716 1210 2767 tum
1222 2702 1349 2751 inmota

162 2790 298 2875 pretoria
316 2788 414 2870 jussu,
437 2789 543 2853 traditi
559 2788 591 2851 in
605 2790 778 2852 custodiam
797 2788 957 2873 Rhegiuis.
999 2789 1112 2855 Praetor
1126 2791 1210 2873 legn-
1221 2770 1349 2832 mlestus.

161 2878 248 2957 tique
260 2873 374 2937 Locros
389 2875 517 2957 profecti
532 2875 674 2957 primam,
689 2876 780 2937 sicuti
799 2878 979 2939 mandatum
994 2888 1071 2956 erat,
1088 2878 1210 2959 religio-

164 2963 212 3025 nis
227 2982 332 3025 curam
347 2960 489 3023 habuere.
505 2981 628 3023 omnem
654 2962 736 3024 enim
758 2982 877 3024 sacram
898 2963 1071 3046 pecuniam,
1086 2983 1211 3045 queque
1222 2974 1370 3039 &apem-

164 3048 247 3133 npud
263 3046 454 3126 Pleminium,
469 3067 594 3130 queque
606 3048 688 3130 apud
701 3048 814 3111 milites
826 3061 902 3128 erat,
917 3049 1132 3131 conquisitum,
1141 3070 1211 3112 curn
1223 3041 1262 3089 ¹¹³⁸
1271 3042 1296 3119 {¹¹
1305 3039 1361 3154 gg:

167 3156 206 3197 ea
220 3155 311 3216 quam
326 3134 384 3217 ipsi
400 3154 504 3197 secum
519 3132 706 3213 adtulerant,
732 3134 764 3197 in
788 3134 936 3198 thesauris
950 3148 1160 3219 reposuerunt,
1175 3158 1211 3199 ec
1222 3120 1294 3219 :¹:¹3¹
1328 3186 1367 3220 rs.

167 3222 321 3305 piaculare
333 3241 452 3283 sacrum
467 3221 615 3283 lecerunt.
629 3232 695 3285 tum
709 3232 836 3285 vocotus
850 3222 890 3285 ad
904 3222 1084 3285 concionem
1099 3223 1212 3287 milites
1223 3186 1325 3302 ponprh'

168 3319 279 3393 praetor
293 3309 382 3389 signe
400 3319 488 3370 extra
508 3308 613 3371 urbem
633 3307 739 3370 efferre
757 3306 858 3390 jubet,
880 3320 1039 3390 castraque
1054 3308 1090 3371 in
1101 3330 1212 3393 campo

122 3392 125 3403 '
168 3394 264 3473 locut,
279 3414 349 3457 cum
363 3394 447 3477 gravi
461 3394 575 3474 edicto,
596 3391 656 3456 ‘Si
670 3395 736 3477 quis
751 3395 839 3457 miles
862 3408 916 3462 sut
937 3396 969 3459 iu
989 3396 1062 3458 urbe
1084 3396 1214 3460 restitis-

169 3482 252 3560 ‘set,
267 3492 320 3543 aut
334 3502 436 3544 seeum
449 3482 619 3561 extulisset,
635 3484 660 3520 ¹³
671 3482 753 3563 quod
768 3502 856 3543 suum
869 3503 931 3545 non
946 3481 1057 3546 esset¹
1079 3480 1214 3547 Locren·

169 3568 182 3603 ‘
197 3568 278 3631 sibus
293 3590 325 3630 se
339 3568 527 3652 permittere,
549 3580 595 3646 ut,
623 3571 648 3607 ¹⁴
660 3568 743 3649 quod
757 3569 803 3630 sui
818 3570 945 3653 quisque
959 3581 1132 3652 cognosset,
1145 3591 1215 3653 pre-

166 3654 178 3690 ‘
193 3655 352 3734 henderet,
368 3658 394 3695 ¹¹
403 3655 429 3717 si
444 3654 518 3737 quid
529 3676 592 3719 non
606 3667 807 3739 compareret,
821 3665 982 3741 repeteret.
1005 3656 1087 3720 Ante
1097 3657 1214 3736 omnia,

437 3787 450 3823 ¹
464 3788 574 3839 Dirdncr.
587 3788 641 3855 maj.
652 3800 702 3855 porr
711 3798 762 3839 mr
773 3790 866 3855 sunuhr
875 3790 950 3840 noer.

206 3902 228 3938 ¹⁰
247 3901 278 3951 Ut
294 3904 679 3967 smpamnninreremnmn
744 3904 766 3938 ¹¹
782 3904 904 3968 Prurdm]
921 3906 961 3953 Sic
978 3903 1064 3953 hebent
1079 3905 1173 3971 scripti:
1189 3916 1216 3955 et

170 3966 679 4033 legerent1Priruorestituimnsut,quodsb
710 3970 734 4016 ln
747 3968 1109 4034 haereproprlnmertrerbum.
1141 3970 1217 4033 Vulgo

172 4031 678 4098 Rhemnotemersmutstumlnnutscriprl
709 4036 892 4095 conprehendere.

173 4109 278 4149 tuentur.
309 4098 417 4148 Secundo
426 4100 515 4149 codices
531 4100 581 4149 fere
599 4114 679 4148 omnes
743 4099 764 4134 ¹¹
782 4098 1042 4164 ercdmnmnomr]
1061 4098 1216 4149 llecinsolo

173 4162 259 4212 habent
271 4174 398 4213 rmtumnt
411 4172 570 4229 conjurarent,
586 4165 680 4229 reliquis
710 4163 777 4213 vict.
798 4166 877 4214 codice
896 4165 1033 4229 aperimus,
1051 4182 1103 4231 que
1124 4165 1216 4214 Lirim

171 4229 277 4278 omissis:
296 4228 551 4295 idqusplecereposrlr,
564 4230 680 4293 sicoupn·
711 4231 1057 4280 tamenesacnoudubiramur.
1156 4231 1161 4240 '

174 4308 226 4342 rare
240 4296 272 4343 sic
287 4294 388 4344 absolute
406 4296 460 4361 poni
475 4295 588 4360 probetur
598 4296 680 4346 eodem
745 4294 766 4329 ¹¹
783 4293 848 4348 Quod
853 4296 1109 4361 utquqmeogm]
1127 4295 1166 4343 Sic
1175 4310 1216 4343 re-

173 4374 253 4421 acrrsu,
275 4376 321 4423 quo
339 4376 462 4423 conparare
480 4362 539 4411 inter
556 4376 585 4409 u·
625 4358 680 4410 Hoc
711 4361 762 4423 gius
780 4373 804 4410 er
823 4361 904 4424 optimi
919 4361 1004 4425 quique
1020 4362 1087 4411 codd.
1120 4360 1213 4423 Vulgo:

174 4425 269 4489 quidem
278 4424 514 4487 lennensiutiurest.
638 4476 641 4485 ,
712 4442 737 4474 cn
848 4457 870 4474 ‚v
933 4479 936 4485 ,

209 4488 229 4524 ¹¹
245 4491 282 4539 Aa
303 4490 417 4556 eugen
436 4489 575 4554 pcrntficum]
600 4490 681 4556 Scripti
748 4490 767 4525 ¹⁵
788 4490 813 4538 Si
833 4492 887 4553 qaid
906 4506 950 4538 non
971 4500 1110 4554 mmet,
1132 4498 1218 4553 repete·

174 4555 206 4603 nd
225 4555 355 4604 concilim.-
379 4556 439 4619 qum
460 4568 538 4605 utrum
563 4572 605 4621 pro
627 4572 683 4609 vero
713 4554 759 4621 nrt]
780 4554 871 4609 Ultimo
888 4556 960 4607 verbo
973 4570 1053 4607 cerem
1069 4556 1173 4624 plerique
1189 4556 1218 4604 l'r·

174 4620 577 4687 udmtsbur,sontscemimu
