3092 5200
458 360 891 458 mcxxvicaaxxvr.
1138 365 1197 462 sq

153 535 217 580 ram
231 515 474 583 exsecrationem
483 518 515 582 in
521 519 693 603 populares,
707 519 947 584 obtestationem
958 537 1050 600 qnam
1064 518 1195 591 sanctis·
1209 524 1244 576 tt.
1254 525 1286 576 c.
1296 528 1353 600 sn,

154 603 263 668 simam
283 615 449 688 potuerunt
472 605 613 668 adversus
628 607 775 690 hospites,
790 617 1039 688 composuerunt.
1061 606 1194 687 precati·
1207 594 1238 644 A.
1249 591 1281 644 ⁰·
1291 583 1347 644 ²¹¹·

154 711 212 772 quc
226 691 315 754 simul
329 689 472 774 Epirotas
498 707 580 770 sunt,
606 703 651 771 ut,
666 694 717 774 qui
732 692 902 763 suorumin
915 692 981 754 acie
1002 690 1194 772 cecidissent,

154 795 205 838 eos
220 796 281 840 uno
307 777 424 840 tumtrlo
448 790 658 860 contegerent,
677 779 951 862 ³⁸adhibercntque
971 777 1104 841 humatis
1119 778 1193 840 titu-

153 860 235 924 lum:
269 882 327 926 mc
365 882 427 926 sim
465 882 552 927 suun
577 883 785 944 accusantes,
822 883 895 943 our,
926 881 1104 926 snvsasns
1126 882 1192 927 vrrs

24 1007 35 1014 .
151 967 262 1014 amun
296 968 464 1028 insumam
501 969 692 1014 AE‘l'OLORUM
729 969 795 1014 PRO
829 968 950 1013 Partus
984 967 1192 1028 annuamus,
1248 981 1258 997 ·

154 1053 297 1098 norrun
319 1055 582 1114 oncnsnnanrrr.
634 1035 691 1100 Per
707 1038 770 1100 haec
792 1037 927 1099 incitatis
949 1028 1069 1113 animis,
1091 1038 1193 1098 ”cas-

153 1131 202 1184 tra
216 1122 248 1184 in
262 1123 406 1188 extremis
420 1123 529 1186 linibus
555 1123 616 1186 suis
640 1123 750 1192 obviab
776 1123 858 1189 hosti
871 1133 1049 1205 posuerunt.
1071 1122 1193 1184 nunciis

154 1206 192 1268 ad
209 1205 383 1292 Philippum
395 1209 506 1288 missis,
516 1220 631 1291 quanto
646 1230 694 1272 res
709 1209 741 1272 in
754 1208 929 1279 discrimine
944 1220 1035 1286 essct,
1050 1209 1194 1270 omittere

153 1289 339 1378 Philippum,
371 1295 403 1356 id
425 1295 509 1378 quod
530 1296 561 1358 in
594 1295 734 1357 manibus
767 1307 844 1370 erat,
875 1304 1041 1378 coegerunt
1071 1294 1195 1372 bellum,

152 1375 356 1462 lamphorina
376 1402 431 1465 per
453 1381 642 1464 deditionem
665 1393 798 1465 recepta,
820 1391 853 1443 et
874 1401 1020 1463 prospero
1042 1381 1103 1442 alio
1123 1401 1193 1444 snc-

153 1486 239 1528 cessu
253 1487 364 1530 rerum.
394 1463 569 1530 AEtolomm
595 1469 732 1550 inpetum
754 1467 925 1530 tardaverat
939 1467 1038 1550 primo
1053 1465 1195 1549 conjura2

153 1551 246 1614 tionis
270 1552 353 1616 fama
371 1551 588 1616 Acarnanicae:
612 1553 723 1623 deinde
745 1554 867 1632 auditus
888 1552 1020 1636 Philippi
1036 1552 1196 1637 adventus,

153 1637 271 1722 regredi
299 1637 399 1720 ,etiam
437 1640 469 1702 in
499 1638 624 1719 intimos
661 1640 763 1722 coegit
798 1638 884 1702 lines.
930 1633 1195 1724 Nec'l’hilippus,

154 1721 407 1806 quemquamne
426 1725 668 1810 obprimerentur
681 1723 871 1804 Acarnanes,
894 1724 1050 1800 itineribus
1073 1718 1195 1806 magnis}

154 1809 242 1890 ierat,
255 1811 336 1874 ultra
347 1807 443 1874 Dium
462 1822 510 1873 est
523 1831 708 1894 progressus.
734 1811 816 1889 inde,
836 1831 930 1893 quum
952 1810 1085 1893 audisset
1110 1811 1196 1876 reat.

153 1906 219 1958 tum
231 1893 405 1960 AEtolorum
420 1917 460 1958 ex
472 1897 657 1974 Acarnania,
672 1909 705 1960 et
719 1898 784 1981 ipse
798 1896 913 1968 Pellam
922 1896 1023 1958 rediit.
1112 1887 1116 1896 ’
1144 1910 1148 1915 ’

161 1979 165 1984 ’
188 1979 315 2054 XXVI.
336 1979 483 2062 laevinus,
506 1984 582 2044 veris
601 1983 750 2067 principio
773 2004 792 2045 a
815 1981 948 2066 Corcyra
968 1980 1122 2065 profectus
1136 2003 1196 2051 na-¹

153 2067 249 2147 vibus,
270 2081 412 2151 snperato
437 2067 590 2131 Leucatae
618 2068 950 2151 promontorio,·‚quum
965 2068 1096 2133 venisset
1105 2067 1196 2132 Nau«

154 2166 290 2302 ppetum,
308 2153 487 2238 Anticyram
514 2154 586 2218 inde
612 2176 645 2216 se
667 2155 834 2238 petiturum
850 2155 958 2232 edixit,
977 2166 1013 2216 ut
1025 2167 1135 2237 praesto
1150 2155 1194 2220 ibi
1207 2159 1344 2227 Anticyram

189 2262 271 2324 opas
282 2231 438 2322 AEtolique
458 2252 571 2304 essent.
603 2237 671 2304 Sita
684 2240 834 2324 Anticyra
861 2251 910 2303 est
928 2233 960 2319 in
975 2237 1105 2304 Locride
1121 2229 1323 2346 lavam

161 2315 166 2330 Ι

156 2339 243 2474 parta
266 2328 367 2391 sinum
382 2325 613 2390 Corinthiacum
636 2326 828 2403 intrantibus.
852 2327 942 2388 breve
967 2338 1051 2391 terra
1072 2328 1131 2390 iter
1145 2348 1196 2408 eo,

140 2455 148 2468 .
178 2413 253 2474 revis
274 2413 430 2495 navigatio
458 2414 497 2475 ab
521 2409 683 2496 Naupacto
710 2424 765 2476 est.
808 2411 915 2476 Tertio
934 2411 1030 2499 ferme
1050 2424 1122 2496 post
1144 2414 1197 2499 dis

155 2499 306 2584 utrimque
328 2499 495 2582 obpugnari
515 2511 618 2582 coepta
632 2509 690 2562 est.
733 2496 861 2560 Gravior
876 2519 895 2560 a
908 2498 986 2560 mari
1008 2498 1198 2582 obpugnatio

155 2598 222 2649 erat
229 2608 240 2666 3
269 2585 342 2669 qnia
354 2596 386 2650 st
400 2596 555 2649 tormenta
569 2585 776 2667 machinaque
791 2584 892 2647 omnis
906 2584 1025 2667 generis
1051 2586 1083 2652 in
1108 2584 1198 2659 navi-j

156 2670 320 2752 bns‘erant‚
347 2683 379 2736 et
389 2670 521 2735 Romani
543 2673 859 2755 inde'obpugnabant.
900 2670 1008 2756 ltaque
1022 2664 1195 2757 intra'pan'·¹

156 2778 208 2822 cos
224 2759 288 2822 dies
310 2770 433 2841 recepto
454 2758 524 2821 urbs
539 2780 593 2842 per
608 2758 796 2821 deditionem
811 2755 925 2820 AEtolis
940 2758 1081 2837 traditur,
1093 2763 1196 2842 pnsda

155 2866 194 2909 ex
219 2856 311 2929 pacto
333 2843 481 2908 Romanis
492 2845 597 2907 cessit.
622 2842 731 2929 Literna
745 2842 865 2906 laadan
886 2844 1022 2924 reddita,
1037 2848 1195 2910 consulem

155 2952 226 2995 eum
242 2932 401 2993 absentem
423 2927 632 3010 declaramm,¹
652 2941 684 2991 et
704 2950 909 2993 successorem
923 2925 1024 2993 venire
1040 2928 1075 2994 P.
1091 2929 1197 3016 Sulpi·-

154 3018 247 3080 cium.
258 3029 404 3095 ceterum,
418 3016 562 3079 diuturno
576 3017 618 3078 ibi
639 3017 746 3078 morbo
771 3015 936 3098 inplicitus,
950 3018 1044 3079 serius
1058 3038 1112 3099 spe
1127 3039 1196 3081 orn·

155 3103 240 3165 nium
264 3100 397 3165 Romam
422 3102 516 3166 venit.
564 3098 612 3163 M.
626 3098 802 3179 Marcellus,
829 3122 921 3182 quum
944 3096 1046 3188 idibus
1072 3100 1354 3170 Martialium.

157 3188 348 3252 consulatum
363 3188 478 3268 inisset,
499 3196 638 3249 senatum
662 3208 700 3249 eo
715 3187 775 3265 die,
790 3187 883 3250 moris
896 3188 990 3250 modo
1005 3208 1123 3268 caussa,
1138 3190 1197 3266 ha-,
1209 3185 1242 3234 A.
1252 3184 1346 3262 02¹9·

156 3276 240 3351 huitt
256 3275 420 3360 professus,
434 3274 530 3336 ‘nihil
540 3294 584 3352 se,
593 3274 718 3336 absente
727 3273 856 3355 collega,
866 3292 964 3354 neque
976 3273 1015 3336 de
1030 3275 1198 3359 republica,
1209 3248 1358 3365 &⁰32ssss

158 3363 283 3445 ‘neque
302 3362 341 3424 dc
355 3360 528 3445 provinciis,
543 3370 691 3423 actunrm.
713 3358 802 3435 Scire,
820 3380 864 3439 se,
890 3358 1063 3443 frequentes
1077 3359 1199 3427 Siculos
1208 3379 1270 3427 terto
1277 3378 1314 3434 u.

158 3448 279 3534 ‘prope
288 3448 394 3511 urbem
403 3446 522 3511 invillis
530 3447 769 3510 obtrectatorum
778 3466 901 3532 snorum
910 3447 1115 3529 essequibus,
1124 3461 1200 3515 tan.
1210 3444 1277 3496 0⁰·-

158 3536 169 3585 ‘-
183 3548 250 3615 tum
261 3536 377 3612 abesse,
398 3546 435 3597 ut
444 3554 499 3618 per
513 3553 618 3595 senon
636 3532 725 3595 liceat
735 3533 838 3615 palam
852 3531 959 3595 Roma
972 3534 1101 3597 crinrina
1114 3538 1201 3602 edita

159 3621 315 3704 &fictaque
336 3622 374 3684 ab
390 3620 520 3683 inimicis
531 3618 665 3703 vulgare,
679 3630 724 3699 ut,
741 3619 774 3680 ni
788 3619 977 3699 simularent,
991 3620 1125 3703 aliquem
1140 3624 1199 3687 sibi

159 3709 170 3743 ‘
185 3708 339 3787 timorem,
360 3706 485 3770 absente
500 3706 629 3787 collega,
644 3705 765 3768 dicendi
782 3704 820 3769 de
834 3706 960 3769 consule
974 3704 1061 3786 esse,
1073 3710 1139 3793 ipse
1154 3712 1203 3775 eis

160 3796 171 3831 ‘
185 3795 339 3877 extemplo
349 3792 475 3856 daturin
485 3804 625 3855 senatum
637 3790 737 3855 fuerit.
759 3789 822 3853 Uhi
832 3793 955 3873 quidem
969 3784 1089 3877 collega
1100 3798 1203 3861 venis-

160 3882 171 3916 ‘
186 3891 241 3961 set,
253 3901 315 3943 non
327 3900 484 3964 passurum
497 3878 660 3961 quidquam
675 3878 756 3961 prius
772 3878 834 3960 agi,
843 3898 934 3960 quam
949 3889 983 3942 ut
993 3876 1088 3943 Siculi
1104 3883 1138 3945 iu
1150 3906 1204 3947 se·

159 3967 292 4030 ‘natum
312 3967 553 4029 introducantur.
583 3958 744 4026 Delectant
759 3984 854 4047 prope
878 3986 898 4025 a
916 3964 963 4026 M.
979 3964 1125 4031 Cornelio
1146 3990 1206 4051 per

162 4054 172 4118 5
188 4066 286 4117 totam
303 4050 439 4115 Siciliam
454 4052 602 4127 habitum,
612 4062 647 4111 ut
658 4050 872 4132 quamplurimi
888 4062 1025 4131 questum
1041 4053 1079 4117 de
1094 4054 1202 4117 selio-

160 4140 172 4175 ⁶
186 4160 268 4203 mam
282 4140 430 4203 venirent.
440 4138 580 4201 cumdem
593 4136 687 4199 literis
703 4136 787 4199 falsis
801 4137 906 4198 urbem
916 4137 1068 4219 implesse,
1083 4140 1201 4227 bellum

348 4266 536 4317 ”conmotam
586 4266 623 4323 '.
729 4260 1011 4313 chonomorem

197 4370 221 4407 ³⁸
241 4372 434 4437 Auamma..
446 4370 577 4439 ..anumJ
601 4372 663 4437 tege
695 4370 858 4433 vacassem
874 4370 943 4426 riser,
959 4370 991 4419 a
1006 4380 1080 4421 sss
1094 4374 1197 4429 aaa,

158 4438 507 4497 mammaeam.
693 4438 777 4489 merra
786 4436 1077 4503 quantumst...

191 4502 214 4541 ³⁹
230 4500 401 4555 comantem
413 4503 467 4555 tom
479 4502 609 4569 petraeam]
624 4502 661 4555 Sit
750 4507 767 4543 ·'

205 4588 277 4636 von.
300 4589 337 4640 ιι.
748 4588 767 4630 a
832 4553 839 4561 ’
